,dates,revenue,cost-goods-sold,gross-profit,research-development-expenses,selling-general-administrative-expenses,other-operating-income-expenses,operating-expenses,operating-income,total-non-operating-income-expense,pre-tax-income,total-provision-income-taxes,income-after-taxes,other-income,income-from-continuous-operations,income-from-discontinuous-operations,net-income,ebitda,ebit,basic-shares-outstanding,shares-outstanding,eps-basic-net-earnings-per-share,eps-earnings-per-share-diluted,cash-on-hand,receivables-total,inventory,pre-paid-expenses,other-current-assets,total-current-assets,net-property-plant-equipment,long-term-investments,goodwill-intangible-assets-total,other-long-term-assets,total-long-term-assets,total-assets,total-current-liabilities,long-term-debt,other-non-current-liabilities,total-long-term-liabilities,total-liabilities,common-stock-net,retained-earnings-accumulated-deficit,comprehensive-income,other-share-holders-equity,total-share-holder-equity,total-liabilities-share-holders-equity,net-income-loss,total-depreciation-amortization-cash-flow,other-non-cash-items,total-non-cash-items,change-in-accounts-receivable,change-in-inventories,change-in-accounts-payable,change-in-assets-liabilities,total-change-in-assets-liabilities,cash-flow-from-operating-activities,net-change-in-property-plant-equipment,net-change-in-intangible-assets,net-acquisitions-divestitures,net-change-in-short-term-investments,net-change-in-long-term-investments,net-change-in-investments-total,investing-activities-other,cash-flow-from-investing-activities,net-long-term-debt,net-current-debt,debt-issuance-retirement-net-total,net-common-equity-issued-repurchased,net-total-equity-issued-repurchased,total-common-preferred-stock-dividends-paid,financial-activities-other,cash-flow-from-financial-activities,net-cash-flow,stock-based-compensation,common-stock-dividends-paid,current-ratio,long-term-debt-capital,debt-equity-ratio,gross-margin,operating-margin,ebit-margin,ebitda-margin,pre-tax-profit-margin,net-profit-margin,asset-turnover,inventory-turnover,receiveable-turnover,days-sales-in-receivables,roe,return-on-tangible-equity,roa,roi,book-value-per-share,operating-cash-flow-per-share,free-cash-flow-per-share
0,2022-03-31,5897.033,3402.781,2494.252,1146.505,705.5748,-134.0892,5388.951,508.0825,-68.8653,439.2171,-127.3419,566.559,,566.559,,314.874,737.9191,508.0825,3330.0,3330.0,0.095,0.095,9547.75,7150.639,4420.981,,1064.253,22183.62,1456.881,2642.907,4960.765,,12509.82,34693.44,15122.2,3062.953,596.3328,7803.199,22925.4,,,,,11768.04,34693.44,311.8752,229.8366,206.4888,436.3254,96.4971,-572.5566,-146.8341,36.3069,-586.5867,3.213,-114.3828,,4.9266,,1716.492,1716.492,-62.0109,1545.025,834.0948,-63.5103,770.5845,,,,60.9399,831.5244,2442.523,,,1.467,0.2065,0.355,42.2967,8.6159,8.6159,,7.4481,5.3395,0.17,0.7697,0.8247,109.1324,,8.3228,1.633,3.8201,3.5295,0.001,-0.0334
1,2021-12-31,8112.162,4606.371,3505.791,1343.364,861.9269,63.3743,6748.287,1363.875,-108.2952,1255.578,84.5712,1171.006,,1171.006,,1165.555,1667.214,1363.874,3329.0,3329.0,0.3498,0.3486,7810.101,7247.04,4100.123,,1225.0,20382.26,1583.428,4668.897,5312.529,,15252.33,35634.59,14802.6,2593.301,619.0294,8344.245,23146.85,1943.955,7802.639,,52.9364,12487.74,35634.59,1194.574,303.3381,163.4359,466.775,-603.368,23.6851,350.6605,547.5596,318.5372,1793.336,-116.1723,,20.6477,0.0,-221.337,-221.337,-14.2333,-331.095,-2.5147,-74.2123,-76.727,4.8972,4.8972,-399.0016,-102.2766,-573.1078,885.7062,,-399.0016,1.3769,0.172,0.2972,43.2165,16.8127,16.8127,,15.4777,14.368,0.2276,1.1235,1.1194,80.4019,9.3772,16.3202,3.2862,7.7648,3.7454,0.539,0.504
2,2021-09-30,6509.629,3643.046,2866.583,1174.933,714.6789,45.2387,5487.419,1022.209,-69.1886,953.0209,285.8947,667.1262,,667.1262,,665.5064,1256.24,1022.209,3330.0,3330.0,0.2,0.2,7114.625,6545.959,4029.021,,1181.413,18871.02,1608.577,4064.425,5184.517,,14742.96,33613.97,14561.42,2578.027,471.5932,7988.391,22549.81,,,,,11064.16,33613.97,644.5088,234.0305,356.8565,590.8866,1028.5541,-442.3737,211.2857,-216.5741,580.892,1674.303,-130.1598,,-6.1587,0.0,-892.4018,-892.4018,-0.4468,-1029.1668,-6.8128,-63.378,-70.1908,0.0,0.0,-7.9621,-210.6411,-288.794,371.6719,,-7.9621,1.296,0.189,0.3392,44.0361,15.703,15.703,,14.6402,10.2234,0.1937,0.9042,0.9945,90.5023,,11.3464,1.9847,4.8902,3.3186,0.503,0.4639
3,2021-06-30,6532.485,3695.888,2836.597,1246.072,828.9708,-69.1998,5840.13,692.3545,-53.9806,638.3741,174.6641,463.71,,463.71,,437.4331,-6181.881,692.3545,3329.0,3332.0,0.131,0.131,6673.619,7336.011,3628.233,,1404.328,19042.19,1633.567,3441.204,5291.763,,14374.06,33416.25,14822.31,2576.92,418.2902,7691.403,22513.71,,,,,10902.54,33416.25,462.7596,-6874.2356,217.8784,-6656.3576,-480.2363,-82.9784,89.6952,463.7643,-9.7552,705.304,-149.0099,,-8.2056,0.0,-689.5494,-689.5494,0.0015,-846.7634,868.8061,-73.1969,795.6092,0.0,0.0,-395.6977,111.9007,511.8122,325.5177,,-395.6977,1.2847,0.1912,0.3644,43.423,10.5986,10.5986,,9.7723,6.6963,0.1955,1.0186,0.8905,101.0704,,8.2646,1.3877,3.4401,3.2701,0.2115,0.1668
4,2021-03-31,5933.538,3395.174,2538.364,1141.459,737.6096,-32.184,5306.426,627.1113,-63.5336,563.5776,185.952,377.6256,,377.6256,,377.6256,8009.763,627.1113,3328.0,3328.0,0.1144,0.1144,5380.926,7039.952,3605.8,,1412.878,17439.56,1637.212,15623.07,5382.714,,26702.47,32222.03,13707.4,2777.241,436.6296,8010.24,21717.64,,,,,10504.38,32222.03,377.6256,7382.652,214.9176,7597.57,235.8968,-147.212,-490.1504,-21.5752,-423.0408,382.036,-130.524,,0.596,,19.1912,19.1912,-0.596,-111.3328,-615.668,-65.3216,-680.9896,,,-0.596,-53.5208,-735.1064,-365.8248,,-0.596,1.2723,0.2091,0.2911,42.7799,10.5689,10.5689,,9.4982,6.3643,0.1841,0.9416,0.8428,106.7821,,7.3731,1.1719,2.8432,3.1564,0.1148,0.0756
5,2020-12-31,7946.802,4736.896,3209.907,1204.392,857.2247,63.5558,6734.957,1211.846,-14.0048,1197.842,408.2766,789.5649,,789.5649,,824.9302,1417.479,1211.845,3323.0,3323.0,0.248,0.248,5497.088,6539.237,3062.573,,1228.757,16327.66,1458.747,3188.032,4753.163,,13269.12,29596.77,12460.88,2421.762,465.321,7851.597,20312.48,1817.248,5227.64,,-293.101,9284.293,29596.77,744.29,205.6332,340.6058,546.239,-803.5538,421.8792,321.9358,227.5226,167.7838,1458.313,-111.9736,,-1007.6044,0.0,139.2416,139.2416,72.3066,-908.0298,-462.487,-62.5562,-525.0431,17.767,17.767,-367.052,-34.6334,-908.9616,-576.699,,-367.052,1.3103,0.2069,0.3541,40.3925,15.2495,15.2495,,15.0733,10.3807,0.2685,1.5467,1.2152,74.0589,8.5043,17.4253,2.6677,6.7449,2.7846,0.4394,0.4055
6,2020-09-30,6482.842,3689.688,2793.154,1139.393,675.8976,-2.9328,5507.911,974.9307,12.2952,987.2256,359.3808,627.8448,,627.8448,,603.8184,1252.569,974.9307,3326.0,3326.0,0.182,0.182,6127.973,6445.279,3700.291,,1293.59,17567.13,1565.89,3603.622,4104.002,,13699.56,31266.69,13918.39,2496.49,466.6536,8043.994,21962.38,,,,,9304.308,31266.69,673.576,277.6384,236.5698,514.2082,-118.4118,-194.8338,-52.264,-135.1438,-500.6534,687.131,-147.7492,,-12.4174,0.0,-49.2842,-49.2842,32.3736,-177.0772,0.0,-75.3692,-75.3692,0.0,0.0,-28.2188,-25.7466,-129.3346,357.2376,,-28.2188,1.2622,0.2116,0.4452,43.0853,15.0386,15.0386,,15.2283,9.3141,0.2073,0.9971,1.0058,89.4785,,12.0732,2.008,5.3204,2.7907,0.2062,0.1619
7,2020-06-30,5746.765,3583.948,2162.818,1037.619,729.1768,2.1714,5348.572,398.1934,30.1928,428.3862,161.0972,267.289,,267.289,,253.5368,620.6998,398.1934,3322.0,3322.0,0.076,0.076,5314.14,5931.127,3300.218,,1134.401,15679.89,1447.186,3397.311,3866.85,,12938.96,28618.85,12873.61,2334.875,419.0802,7631.23,20504.84,,,,,8114.005,28618.85,266.833,222.5064,87.511,310.0174,-1.1118,-129.4526,424.7888,-308.5086,-14.2842,562.5658,-151.6248,,-4.6114,0.0,118.6658,118.6658,-13.02,-50.5904,0.0,-63.782,-63.782,0.0,0.0,-257.3608,-150.4406,-471.5834,-279.0064,,-257.3608,1.218,0.2235,0.4826,37.6354,6.929,6.929,,7.4544,4.4118,0.2008,1.086,0.9689,92.8873,,6.2934,0.934,2.5581,2.441,0.1691,0.1236
8,2020-03-31,5154.1,3104.063,2050.037,947.422,646.2568,-10.2564,4707.999,446.1016,-93.4472,352.6544,116.4464,236.208,,236.208,,223.3616,665.7336,446.1016,3317.0,3317.0,0.0673,0.0673,5820.352,6533.845,3376.117,,1062.522,16792.83,1475.678,3527.062,4131.775,,13490.17,30283.01,13793.1,2422.271,505.6716,8293.801,22086.9,,,,,8196.106,30283.01,236.208,219.632,35.6384,255.2704,575.9124,-55.7368,-225.4336,-340.5332,-45.7912,445.6872,-139.7564,,-21.5488,,-355.5552,-355.5552,-4.3512,-521.2116,,-61.7456,-61.7456,,,-0.9324,210.9296,148.2516,338.5648,,-0.9324,1.2175,0.2281,0.52,39.7749,8.6553,8.6553,,6.8422,4.3337,0.1702,0.9194,0.7888,114.0929,,5.8117,0.78,2.2245,2.4695,0.1344,0.0922
9,2019-12-31,6929.891,4380.601,2549.29,1106.113,855.4805,37.5508,6304.643,625.248,-6.3861,618.8599,162.4036,456.4562,,456.4562,,451.9864,871.2296,625.2471,3306.0,3306.0,0.1368,0.1378,5484.46,6246.644,3265.305,,1287.692,16284.1,1465.33,3064.497,3991.94,,12957.22,29241.32,12359.45,2989.591,507.0994,8219.179,20578.63,1763.898,4111.811,,242.4936,8662.692,29241.32,470.7056,245.9816,133.2984,379.2802,-320.357,543.2454,71.3064,-1068.7754,-774.5804,75.404,-175.1178,,-142.1074,0.0,-177.74,-177.74,-8.189,-503.1542,39.675,-78.4144,-38.7394,20.8426,20.8426,-7.796,27.308,1.6152,-627.892,,-7.796,1.3175,0.2566,0.4604,36.7869,9.0225,9.0225,,8.9303,6.5223,0.237,1.3416,1.1094,81.1265,5.2692,9.7726,1.561,3.9173,2.5982,0.0259,-0.0278
10,2019-09-30,5964.059,3715.283,2248.776,991.4868,513.648,-1181.704,6402.121,-438.062,-71.514,-509.5764,210.1572,-719.7336,,-719.7336,,-650.3076,-215.8464,-438.062,3308.0,3326.0,-0.1973,-0.1973,5955.915,6214.306,3764.246,,1357.618,17292.09,1398.856,2982.813,4071.391,,12830.55,30122.64,12876.91,3878.773,466.7724,9157.341,22034.25,8164.08,,,,8088.39,30122.64,-726.5336,222.2156,36.6172,258.8328,669.23,122.0644,-307.082,698.1188,1182.331,714.631,-143.8184,,-49.1336,0.0,-127.6408,-127.6408,-5.5248,-326.1176,0.0,-107.8656,-107.8656,0.0,0.0,-7.85,148.4464,32.7308,582.034,,-7.85,1.3429,0.3241,0.5005,37.7055,-7.345,-7.345,,-8.5441,-10.9038,0.198,0.987,0.9597,93.7763,-8.8984,-17.9172,-2.3893,-6.0142,2.4444,0.2148,0.1715
11,2019-06-30,5809.86,3682.334,2127.526,1008.908,738.184,15.9,5413.526,396.3335,-46.746,349.588,153.806,195.782,,195.782,,180.73,630.1669,396.3335,3304.0,3325.0,0.055,0.054,5497.69,6700.578,3830.31,,1334.858,17363.44,1398.352,2779.638,3964.612,,12363.95,29727.38,12218.83,3502.24,509.436,8548.052,20766.88,8955.728,,,,8960.498,29727.38,188.3327,233.8334,85.7548,319.5882,340.3585,-315.7419,194.236,-360.607,-141.7544,366.1665,-139.3891,,-0.6089,0.0,241.3977,241.3977,-3.3045,98.0952,0.0,-64.1656,-64.1656,0.0,0.0,-347.5914,-68.949,-480.706,-17.0224,,-347.5914,1.421,0.281,0.4164,36.6192,6.8217,6.8217,,6.0172,3.1107,0.1954,0.9614,0.8671,103.798,2.1849,3.9189,0.6586,1.5709,2.7112,0.1087,0.0672
12,2019-03-31,5335.645,3286.856,2048.789,1000.12,657.9821,143.4665,4801.491,534.1533,-66.0055,468.1481,205.9808,262.1673,,262.1673,,252.7847,787.9199,534.1533,3300.0,3300.0,0.0764,0.0764,5306.188,7401.453,3602.918,,1244.94,17555.5,1438.811,3521.094,4093.759,,13424.32,30979.82,13324.27,3549.35,522.3708,8433.104,21757.38,,,,,9222.441,30979.82,262.1673,253.7666,82.0432,335.8098,474.0395,-321.9541,2.182,-123.283,30.9844,628.9615,-167.9049,,32.6209,,509.8243,509.8243,-18.0015,356.5388,,-65.8964,-65.8964,,,-107.5726,-110.191,-283.66,770.6824,,-107.5726,1.3176,0.2779,0.4205,38.3982,10.011,10.011,,8.774,4.7377,0.1722,0.9123,0.7209,124.8454,,5.1118,0.8463,2.0527,2.7662,0.1906,0.1397
13,2018-12-31,7141.754,5322.008,1819.747,1179.303,852.49,12.0992,7341.704,-199.9497,-79.5909,-279.5372,452.4608,-731.998,,-731.998,,-737.4907,42.646,-199.9502,3291.0,3291.0,-0.224,-0.2229,5181.111,8485.172,3367.25,,1516.788,18550.32,1478.92,3759.972,4344.564,,12384.07,30934.39,12766.2,3553.137,1129.937,8065.863,20832.06,1918.947,5245.683,,,10102.33,30934.39,-747.0754,242.5957,498.6515,741.2472,-847.6029,172.9671,100.721,1089.8586,515.9433,510.115,-151.2402,,-2.0045,0.0,-94.3394,-94.3394,-12.4587,-260.0428,-96.3387,0.0,-96.3387,12.3157,12.3157,-26.2837,33.9092,-76.3975,268.8723,,-26.2837,1.4531,0.2602,0.3774,25.4804,-2.7997,-2.7997,,-3.9141,-10.3265,0.2309,1.5805,0.8417,106.9297,-7.2458,-12.7132,-2.3663,-5.3605,3.03,0.1551,0.109
14,2018-09-30,6015.958,3821.324,2194.634,1049.578,740.675,-42.0368,5653.614,362.3442,-71.4402,290.9036,-16.3228,307.2264,,307.2264,,306.891,559.3445,362.3442,3293.0,3293.0,0.0939,0.0928,4768.158,7618.275,3424.993,,1653.969,17465.4,1432.158,3517.787,4351.815,,12144.61,29610.01,11524.68,3486.707,880.5368,7357.781,18882.46,,,,,10727.54,29610.01,316.5763,197.0002,-182.8909,14.1093,-424.8508,-180.7463,104.1256,387.7019,-113.7691,216.9165,-118.9359,,-44.259,0.0,-8.1974,-8.1974,-20.3651,-191.7574,0.0,0.0,0.0,0.0,0.0,11.9457,30.1621,42.1078,-115.2198,,11.9457,1.5155,0.2453,0.3507,36.4802,6.0231,6.0231,,4.8355,5.1013,0.2032,1.1157,0.7897,113.971,,4.8187,1.0376,2.1614,3.2567,0.0658,0.0298
15,2018-06-30,5752.824,3750.863,2001.962,1129.937,814.6215,-38.346,5733.767,19.0576,-93.555,-74.4975,133.6335,-208.131,,-208.131,,-217.7175,242.6262,19.0576,3290.0,3290.0,-0.067,-0.067,5238.271,8037.414,3470.775,,1439.13,18185.59,1489.257,3528.641,4560.633,,12459.1,30644.69,12084.19,3595.631,851.004,7754.324,19838.51,,,,,10806.18,30644.69,-202.4035,223.5686,-136.5539,87.0147,1110.6372,-198.3823,-827.2574,184.5161,269.5131,154.1243,-133.5747,,-46.2334,0.0,426.4866,426.4866,-47.2409,199.4376,0.0,0.0,0.0,0.0,0.0,-379.8795,-43.4939,-423.3734,34.3488,,-379.8795,1.5049,0.2497,0.361,34.7996,0.3313,0.3313,,-1.295,-3.7845,0.1877,1.0807,0.7158,125.7412,,-3.3325,-0.6792,-1.4452,3.2836,0.0467,0.0062
16,2018-03-31,5356.917,3523.44,1833.477,1119.608,759.6504,7.2806,5395.418,-38.5005,-66.7594,-105.2602,-15.7952,-89.465,,-89.465,,-103.2858,194.8489,-38.5005,3286.0,3286.0,-0.0309,-0.0309,5201.31,9854.23,3579.711,,,18635.25,1593.341,4223.735,4548.4,,13532.78,32168.04,12799.17,3841.936,665.0026,7835.159,20634.33,,,,,11533.7,32168.04,-89.465,233.3494,-174.4876,58.8618,-73.7932,-347.1242,902.7944,-257.1656,224.7114,194.1082,-121.7958,,-55.4066,,-65.8956,-65.8956,19.8674,-223.2306,,,,,,,-11.5996,-11.5996,100.3242,,,1.456,0.2499,0.3604,34.2264,-0.7187,-0.7187,,-1.9649,-1.9281,0.1665,0.9843,0.5436,165.558,,-1.2808,-0.2781,-0.5819,3.5089,0.0591,0.022
17,2017-12-31,6862.898,5434.864,1428.035,1183.398,1085.787,-1517.604,9221.651,-2358.753,-60.8636,-2419.619,-171.5239,-2248.095,,-2248.095,,-2245.778,-1109.055,-2358.753,3277.0,3277.0,-0.6853,-0.6921,4996.628,10235.95,2927.808,,,18160.39,1508.126,3859.757,4288.019,,12401.43,30561.81,11446.84,3577.65,747.4356,7364.329,18811.17,1955.626,6819.47,,,11750.64,30561.81,-2120.413,1249.698,413.9799,1663.678,-326.559,978.9405,301.7409,820.444,1774.566,1317.831,-17.8965,,-14.7342,0.0,-274.961,-274.961,-67.8399,-375.432,1007.138,0.0,1007.138,11.4954,11.4954,19.3938,-814.3956,223.6314,1196.0694,,19.3938,1.5865,0.2334,0.3299,20.808,-34.3696,-34.3696,,-35.2565,-32.7235,0.2246,1.8563,0.6705,134.2342,-19.1317,-30.1247,-7.3559,-14.6663,3.5243,0.4021,0.3966
18,2017-09-30,5878.908,4386.303,1492.605,1293.96,840.582,51.783,6469.062,-590.1538,-38.868,-629.022,-94.218,-534.804,,-534.804,,-547.596,-8.4926,-590.1538,3279.0,3279.0,-0.1661,-0.1648,4026.528,10700.26,4029.234,,,18756.02,1707.732,3602.301,6188.499,,14114.5,32870.52,10916.37,3448.797,798.639,7724.646,18641.02,,,,,14229.5,32870.52,-646.203,581.6612,-266.5116,315.1496,165.0138,27.1146,-94.4672,216.703,314.3638,-16.69,-134.1248,,45.7458,0.0,343.905,343.905,5.8052,261.331,0.0,0.0,0.0,0.0,0.0,-48.6482,241.7494,193.1012,440.084,,-48.6482,1.7182,0.1951,0.2683,25.3892,-10.0385,-10.0385,,-10.6996,-9.3146,0.1789,1.0886,0.5494,163.8099,,-6.651,-1.627,-3.0252,4.3383,-0.005,-0.0458
19,2017-06-30,5673.07,4090.281,1582.789,950.264,801.1072,28.5136,5813.139,-140.0684,6.9296,-133.1392,-19.9936,-113.1456,,-113.1456,,-114.736,117.6573,-140.0684,3275.0,3275.0,-0.0352,-0.0341,3657.92,10381.9,3884.438,,,17924.26,1848.954,3230.443,5984.789,,13307.9,31232.16,10362.37,3078.56,840.1856,6811.229,17173.59,,,,,14058.57,31232.16,-129.429,257.7257,-236.7999,20.9258,54.7155,-135.5631,5.5966,181.555,106.3044,-2.1979,-149.9421,,1.0269,0.0,-94.622,-94.622,-4.6062,-248.144,0.0,0.0,0.0,0.0,0.0,-371.9324,-623.8964,-995.8292,-1313.3268,,-371.9324,1.7297,0.1796,0.2451,27.9,-2.469,-2.469,,-2.3469,-2.0225,0.1816,1.053,0.5464,164.7029,,-1.4014,-0.3623,-0.6602,4.2914,-0.0013,-0.0478
20,2017-03-31,5197.965,4476.265,721.6997,1016.523,1105.418,17.0392,6581.167,-1383.202,-48.4272,-1431.629,-214.7836,-1216.846,,-1216.846,,-1221.554,-774.387,-1383.202,3272.0,3313.0,-0.3733,-0.3688,5212.874,10547.94,3804.45,,,19565.26,1865.905,2857.877,6207.089,,13191.14,32756.4,11693.71,3118.958,848.1486,6843.817,18537.53,,,,,14218.88,32756.4,-1216.845,608.8151,-428.7825,180.0326,268.7037,-401.8785,70.1746,927.067,864.0668,-172.7461,-203.0131,,0.3363,,-1332.421,-1332.421,12.331,-1522.766,,,,,,-0.4484,1222.114,1221.666,-449.7452,,-0.4484,1.6731,0.1799,0.2944,13.8843,-26.6105,-26.6105,,-27.5421,-23.5006,0.1587,1.1766,0.4928,182.6319,,-15.1882,-3.7148,-7.0184,4.3443,-0.0521,-0.1134
21,2016-12-31,7193.362,5340.116,1853.246,978.3756,973.0842,46.1515,7245.425,-52.0635,-75.5465,-127.6094,69.6063,-197.2157,,-197.2157,,-197.8368,214.7426,-52.0625,3263.0,3263.0,-0.0604,-0.0604,5879.018,11125.72,3542.888,,,20547.63,1956.205,1634.496,6921.649,,12575.63,33123.27,11078.03,2180.536,416.9823,5621.721,16699.75,1947.203,11506.35,,,16423.52,33123.27,-192.6257,266.8056,96.8679,363.674,430.2757,509.3617,387.3741,780.3862,2107.3976,2278.4462,-304.5407,,-4.8726,0.0,-187.7971,-187.7971,-272.5358,-769.7463,53.1895,0.0,53.1895,12.2745,12.2745,20.847,-189.5751,-103.264,1495.7478,,20.847,1.8548,0.1172,0.1899,25.7633,-0.7238,-0.7238,,-1.774,-2.7503,0.2172,1.5073,0.6466,139.1999,-1.2008,-2.0755,-0.5954,-1.0601,4.8583,0.6982,0.6048
22,2016-09-30,6057.614,4342.658,1714.956,931.603,739.8268,-3.0836,6017.171,40.4429,-70.8042,-30.3616,-9.0136,-21.348,,-21.348,,-27.6338,300.7285,40.4429,3264.0,3264.0,-0.0083,-0.0083,5107.391,11595.76,4049.004,,,20752.15,2025.925,806.3596,6818.195,,11948.0,32700.15,10272.06,2168.364,272.4242,6534.267,16806.33,,,,,15893.82,32700.15,-33.0984,260.2856,-65.3708,194.9148,-83.1072,135.0408,-287.0886,-191.5854,-426.7404,-264.9242,-239.1101,,3.7792,-775.6224,827.5908,51.9684,-59.7528,-243.1152,0.0,0.0,0.0,0.0,0.0,19.388,-162.723,-143.335,-501.121,,19.388,2.0203,0.12,0.2036,28.3108,0.6676,0.6676,,-0.5012,-0.4562,0.1852,1.0725,0.5224,172.2821,,-0.2352,-0.0653,-0.1182,4.8679,-0.0823,-0.1576
23,2016-06-30,6590.354,4459.463,2130.891,901.929,865.8762,-26.5524,6253.821,336.5337,-64.1886,272.3448,81.606,190.7388,,190.7388,,193.2966,599.9307,336.5337,3261.0,3297.0,0.0597,0.0585,5941.039,11728.12,4221.588,,,21890.75,2053.061,855.7668,6944.062,,11894.99,33785.74,11071.38,2212.375,277.095,6065.396,17136.77,,,,,16648.96,33785.74,197.8992,263.397,-288.053,-24.656,-57.108,-217.3614,297.1648,-290.8468,-268.1514,-94.9082,-328.207,,-58.8312,655.6832,0.0,655.6832,-105.903,162.742,0.0,0.0,0.0,0.0,0.0,-1469.8728,336.6094,-1133.2634,-867.551,,-1469.8728,1.9772,0.1173,0.2035,32.3335,5.1065,5.1065,,4.1325,2.933,0.1951,1.0563,0.5619,160.163,,1.9654,0.5646,1.0113,5.1039,-0.0278,-0.1261
24,2016-03-31,6181.545,4122.57,2058.976,886.224,795.648,34.336,5770.106,411.4395,-55.1744,356.2656,106.9152,249.3504,,249.3504,,232.7744,659.7242,411.4395,3258.0,3258.0,0.071,0.071,7223.702,11029.2,3818.637,,,22071.54,1909.437,821.4592,6519.696,,11118.94,33190.48,9799.494,2617.824,235.8528,6146.736,15946.23,,,,,17244.25,33190.48,249.3504,248.2848,-67.7248,180.56,403.5072,-498.7008,-73.0528,-542.5088,-710.7552,-280.8448,-312.3392,,-12.7872,119.9392,,119.9392,87.024,-118.1632,,,,,,-3.9072,11.1296,7.2224,-507.936,,-3.9072,2.2523,0.1318,0.1684,33.3084,6.6559,6.6559,,5.7634,3.7656,0.1862,1.0796,0.5605,160.5792,,2.325,0.7513,1.2554,5.2913,-0.0862,-0.1821
25,2015-12-31,8945.909,5530.898,3415.011,930.653,923.8423,,7366.905,1579.004,-86.6499,1222.634,394.9171,827.7165,,854.2662,,843.8218,1885.644,1579.004,3249.0,3249.0,0.2529,0.2493,7866.249,11255.02,3375.353,,,22496.62,1887.449,963.7253,6634.855,,11257.27,33753.89,10337.58,2699.713,240.6049,5923.961,16261.54,1961.636,12495.31,,,17492.34,33753.89,832.975,306.64,169.8376,476.478,329.872,412.2718,102.6748,439.5085,1284.3271,2593.78,-341.2949,,-113.05,-1012.7675,0.0,-1012.7675,-49.7041,-1516.8169,-18.6359,0.0,-18.6359,20.0603,20.0603,-7.936,-79.9275,-86.439,739.7972,,-7.936,2.1762,0.1337,0.1705,35.1589,17.6506,17.6506,,13.667,9.4325,0.265,1.6386,0.7948,113.2307,4.8837,7.868,2.5309,4.2307,5.2926,0.7983,0.6931
26,2015-09-30,6980.998,4614.98,2366.018,1007.72,754.374,-4.838,6381.912,599.0859,-73.278,525.808,157.884,367.924,,367.924,,363.44,880.506,599.0859,3251.0,3251.0,0.1121,0.1109,6082.546,11874.81,3798.066,,,21755.42,1861.332,776.204,6615.434,,11093.18,32848.61,10317.68,2702.2,216.766,6248.808,16566.49,,,,,16282.11,32848.61,364.7047,281.416,148.2612,429.6772,-172.7783,-23.3956,-55.5308,-356.0574,-607.762,186.6198,-317.8399,,-121.0997,419.389,0.0,419.389,4.5118,-15.039,0.0,0.0,0.0,0.0,0.0,-22.732,-5.209,-27.941,123.8074,,-22.732,2.1086,0.1423,0.1869,33.8923,8.5817,8.5817,,7.532,5.2061,0.2125,1.2151,0.5879,153.0917,,3.8061,1.1201,1.938,5.0068,0.169,-0.0094
27,2015-06-30,7213.782,4819.73,2394.051,1176.634,923.2585,129.1254,6790.498,423.2842,-62.7792,360.5048,108.0801,252.4247,,252.4247,,248.9766,,423.2842,3247.0,3247.0,0.0761,0.0761,,,,,,,,,,,,,,,,,,,,,,,,250.3953,302.894,-272.0432,30.8508,673.8063,-432.3204,-364.7852,-990.9126,-28.392,374.2342,-257.0142,,-20.0203,1198.155,0.0,1150.165,-33.4518,839.669,0.0,0.0,0.0,0.0,0.0,-1312.034,49.997,-1262.037,-271.3514,,-1315.034,,,,,,,,,,,,,,,,,,,,
28,2015-03-31,6168.715,4157.08,2011.635,1020.98,1003.78,,6181.84,-13.125,-6.74,249.86,74.94,174.92,,152.028,,152.028,309.395,-13.125,3244.0,3304.955,0.05,0.05,7950.26,12711.74,4048.93,,,24710.94,,1097.61,6845.07,278.01,9937.85,36445.73,12160.89,2826.56,3148.97,6355.19,18516.1,,,,,17930.84,36445.73,174.91,322.52,,322.52,,,,,-1085.82,-709.77,-311.09,,-6.97,,,47.99,14.19,-255.87,,,,,,-3.0,108.14,105.14,-682.94,,,2.032,0.1362,0.1767,36.9828,-0.2128,-0.2128,,4.0504,2.4645,0.1693,1.0267,0.4853,185.4611,,1.3715,0.4171,0.7324,,-0.2148,-0.3089
29,2014-12-31,8168.518,5942.409,2226.109,1315.44,1272.5,,8530.35,-361.8315,-20.75,821.84,235.49,586.35,,507.394,,507.394,44.3184,-361.8315,3241.0,3274.0,0.16,0.15,10556.85,14842.87,4122.0,,,29521.73,5978.84,1358.24,7963.69,282.65,17452.84,42947.54,14750.55,3198.7,3274.77,6938.26,21688.83,2417.75,15076.07,,146.73,21258.71,42947.54,624.0,406.15,0.0,406.15,0.0,0.0,0.0,0.0,39.37,1278.82,-448.76,,-261.15,0.0,0.0,600.17,-150.74,-260.49,0.0,0.0,-1185.32,0.0,0.0,-22.84,1221.23,13.07,1287.69,,0.0,2.0014,0.1308,0.1662,41.9967,-4.4296,-4.4296,,10.0611,6.2116,0.1902,1.4416,0.5503,163.5374,2.3868,3.8164,1.1814,2.0746,,0.39,0.2532
30,2014-09-30,7929.371,5387.6,2541.771,1338.32,1028.72,,7754.64,174.7314,-17.01,540.46,162.08,378.38,,363.984,,363.984,497.1715,174.7314,3238.0,3270.0,0.11,0.11,9878.41,10183.98,4113.88,,2877.22,27053.5,,451.77,7246.48,1301.4,10632.71,39513.82,13149.02,2977.29,2302.58,5690.26,18839.29,,,,,20674.53,39513.82,346.16,322.44,0.0,322.44,0.0,0.0,0.0,0.0,-929.36,-279.44,-169.0,,-23.77,0.0,0.0,415.6,-287.59,-64.75,0.0,0.0,0.0,0.0,0.0,72.29,-130.52,-58.22,-84.18,,0.0,2.0575,0.1259,0.1579,36.8821,2.2036,2.2036,,6.8159,4.5903,0.2007,1.3096,0.7786,115.5903,,2.7106,0.9212,1.5389,,-0.0912,-0.1419
31,2014-06-30,8033.733,5292.35,2741.383,1377.13,991.61,,7661.09,372.6431,-77.61,576.38,172.82,403.56,,377.746,,377.746,731.053,372.6431,3235.0,3235.0,0.12,0.12,10369.13,13033.2,4080.31,,302.29,27784.94,,429.93,7442.04,1143.51,10664.88,40257.22,13746.78,2956.8,2241.4,5595.99,19342.79,,,,,20914.43,40257.22,398.14,358.41,0.0,358.41,0.0,0.0,0.0,0.0,-597.02,281.3,-189.65,,-226.5,0.0,0.0,1000.31,-1.26,582.91,0.0,0.0,0.0,0.0,0.0,-1489.92,-346.55,-1836.48,-746.42,,0.0,2.0212,0.1239,0.1669,37.6257,4.6385,4.6385,,7.1745,4.702,0.1996,1.297,0.6164,146.0078,,2.8039,0.9383,1.5824,,0.0884,0.0297
32,2014-03-31,7199.383,4672.48,2526.903,1280.97,995.51,,6948.96,250.4229,-30.34,374.46,112.53,261.93,,321.286,,321.286,615.7429,250.4229,3233.0,3245.313,0.1,0.1,12364.64,12720.07,3864.11,,262.85,29211.68,,657.9,7308.88,894.58,10414.0,41360.85,13905.21,2925.72,2068.59,5376.04,19281.26,,,,,22079.58,41360.85,261.92,365.32,,365.32,,,,,954.34,1455.42,-117.64,,-131.42,,,-1051.09,-56.65,-1356.82,,,,,,,-784.68,-784.68,-619.04,,,2.1008,0.117,0.1727,37.2433,3.4784,3.4784,,5.2013,4.4627,0.1741,1.2092,0.566,159.0145,,2.1752,0.7768,1.2849,,0.4485,0.4122
33,2013-12-31,10404.04,6483.609,3920.431,1367.87,1076.17,,8927.649,1476.391,-6.06,1371.83,379.97,991.86,,994.896,,994.896,1907.281,1476.391,3230.0,3261.0,0.31,0.31,11840.86,13984.97,3495.78,,,29321.63,5418.54,1345.07,7327.79,198.75,15688.37,41347.59,14030.44,3389.49,1767.32,5563.85,19594.29,2538.39,15198.26,,217.95,21753.29,41347.59,994.95,430.89,0.0,430.89,0.0,0.0,0.0,0.0,367.06,2246.45,-307.95,,-111.29,0.0,0.0,-1151.52,-183.67,-1754.44,0.0,0.0,132.4,0.0,13.82,-40.0,425.47,531.7,1056.19,,0.0,2.0899,0.1348,0.208,34.3846,14.1906,14.1906,,13.1856,9.5626,0.2516,1.8547,0.7439,120.9768,4.5735,6.8968,2.4062,3.957,,0.6888,0.5945
34,2013-09-30,8334.706,5501.47,2833.236,1177.31,759.37,,7438.15,896.5557,4.89,656.91,197.28,459.63,,459.517,,459.517,1285.816,896.5557,3227.0,3258.0,0.14,0.14,9264.0,12995.22,4289.19,,334.56,26882.98,,487.87,7401.36,860.92,10441.14,39038.97,12835.35,3320.46,1963.26,5749.45,18584.81,0.0,,,0.0,20454.16,39038.97,459.9,389.26,0.0,389.26,0.0,0.0,0.0,0.0,-501.84,222.92,-104.23,,-273.96,0.0,0.0,-133.28,40.58,-470.89,0.0,0.0,0.0,0.0,0.0,-4.1,6.15,2.05,-506.98,,0.0,2.0944,0.1397,0.1911,33.9932,10.7569,10.7569,,7.8816,5.5133,0.2135,1.2826,0.6414,140.3253,,3.5204,1.1771,1.9328,,0.0684,0.0365
35,2013-06-30,8395.539,5709.07,2686.469,1182.19,1170.28,,8061.54,333.999,-51.88,330.07,98.73,231.34,,222.896,,222.896,698.989,333.999,3224.0,3256.0,0.07,0.07,9890.61,12610.25,4529.93,,457.49,27488.29,,515.48,7317.32,902.78,10612.4,39896.2,13468.78,3429.07,2062.84,5999.45,19468.25,0.0,,,0.0,20427.95,39896.2,227.97,364.99,0.0,364.99,0.0,0.0,0.0,0.0,136.09,663.11,-190.25,,-5.57,0.0,0.0,1413.29,-63.67,1153.79,0.0,0.0,0.0,0.0,0.0,-1352.33,-646.66,-1998.98,178.21,,0.0,2.0409,0.1437,0.1979,32.57,3.9783,3.9783,,3.9315,2.6549,0.2104,1.2603,0.6658,135.1816,,1.7001,0.5587,0.9343,,0.2051,0.1472
36,2013-03-31,7896.897,5500.22,2396.677,1224.08,1032.32,,7756.62,140.2769,-61.69,267.44,80.34,187.1,,182.883,,182.883,514.9369,140.2769,3222.0,3222.0,0.06,0.06,11202.0,13101.3,4632.62,,601.24,29537.18,,495.41,7509.08,827.66,10717.46,42035.7,14083.28,3673.34,2142.34,6325.54,20408.83,0.0,,,0.0,21626.86,42035.7,187.1,374.66,,374.66,,,,,-709.86,-461.53,-171.71,,-21.13,,,-444.44,2.48,-634.8,,0.0,0.0,,0.0,-9.47,14.29,4.81,-1124.78,,,2.0973,0.1452,0.2064,32.7412,1.7764,1.7764,,3.3866,2.3159,0.1879,1.1873,0.6028,149.314,,1.2954,0.4351,0.7229,,-0.1432,-0.1965
37,2012-12-31,10537.33,6920.9,3616.43,1388.98,1610.33,,9920.21,617.1201,-695.4,-571.28,352.82,-924.1,,-1017.274,,-1017.274,990.1901,617.1201,3219.0,3251.0,-0.32,-0.31,11337.44,12968.56,4256.93,,,28562.94,5056.97,1062.97,7308.11,190.66,15439.75,40644.41,14396.31,3532.12,1787.05,5780.3,20176.62,2442.54,14133.52,,236.48,20467.79,40644.41,-931.81,373.07,0.0,373.07,0.0,0.0,0.0,0.0,1300.69,2315.33,-399.0,,19.05,0.0,0.0,-156.37,210.4,-325.92,0.0,0.0,-103.6,0.0,9.75,5.32,-144.47,-233.0,1753.0,,0.0,1.984,0.1472,0.207,29.6412,5.8565,5.8565,,-5.4215,-9.654,0.2593,1.6258,0.8125,110.7653,-4.9701,-7.7302,-2.5029,-4.2387,,0.7152,0.5907
38,2012-09-30,8151.78,5634.74,2517.04,1108.99,809.67,,7553.4,598.3794,-65.29,476.51,152.4,324.11,,328.46,,328.46,973.4594,598.3794,3284.6,3284.6,0.1,0.1,10213.02,9135.8,4811.72,,3876.2,28036.76,,524.74,7480.54,747.19,10756.76,40508.89,13277.94,3399.84,1846.24,5780.91,19058.86,0.0,,,0.0,21450.03,40508.89,366.15,375.08,0.0,375.08,0.0,0.0,0.0,0.0,305.88,1032.12,-224.13,,-60.71,0.0,0.0,-74.97,129.1,-230.69,0.0,0.0,0.0,0.0,0.0,-91.2,156.73,65.54,572.2,,0.0,2.1115,0.1368,0.2083,30.1832,7.3405,7.3405,,5.8455,4.0293,0.2012,1.171,0.8923,100.8641,,2.3513,0.8108,1.3218,,0.3145,0.2475
39,2012-06-30,7895.46,5423.5,2471.96,1167.58,912.06,,7503.14,392.3198,-218.31,255.52,81.76,173.76,,158.426,,158.426,729.5098,392.3198,3215.0,3245.0,0.05,0.05,9572.13,9707.54,4775.61,,3160.57,27215.87,,622.51,7606.98,904.42,11176.35,40041.16,13348.3,3321.35,1816.63,5676.13,19024.45,0.0,,,0.0,21016.71,40041.16,139.42,337.19,0.0,337.19,0.0,0.0,0.0,0.0,-636.84,-199.53,-139.56,,-9.11,0.0,0.0,1141.5,-103.6,889.23,0.0,0.0,0.0,0.0,0.0,-1189.93,165.49,-1024.45,-247.1,,0.0,2.0389,0.1365,0.2101,32.3412,4.9689,4.9689,,3.2363,2.0065,0.1972,1.1357,0.8133,110.6558,,1.1814,0.3957,0.6509,,-0.0624,-0.1037
40,2012-03-31,7549.249,5033.17,2516.079,1187.16,922.95,,7143.28,405.9688,938.21,1344.15,40.28,1303.87,,1303.872,,1303.872,748.8187,405.9688,3157.075,3157.075,0.41,0.41,11200.79,8988.92,4820.06,,3425.7,28435.49,,798.7,7706.67,1019.81,11484.69,41588.99,13254.06,3401.7,1797.48,5754.4,19008.48,0.0,,,0.0,22580.51,41588.99,1303.87,342.85,,342.85,,,,,-523.97,108.26,-198.3,,-256.21,,,-592.25,-8.29,-1055.06,,0.0,0.0,,0.0,0.0,-195.19,-195.19,-1190.42,,,2.1454,0.1309,0.1915,33.3288,5.3776,5.3776,,17.8051,17.2716,0.1815,1.0442,0.8398,107.1633,,8.7662,3.1351,5.0183,,0.0343,-0.0285
41,2011-12-31,9421.0,6658.011,2762.989,1297.04,839.49,,8794.541,626.459,-450.48,254.73,43.72,211.01,,222.0,,222.0,997.139,626.459,4188.679,4188.679,0.05,0.05,12427.62,9955.74,5102.7,,3191.23,30677.3,,1259.7,6795.98,851.27,10915.93,43257.85,14971.57,3588.4,1935.53,5871.1,20842.68,0.0,,,0.0,22415.16,43257.85,223.41,370.68,0.0,370.68,0.0,0.0,0.0,0.0,-222.15,840.85,-206.66,,-34.53,0.0,0.0,-246.28,-117.82,-605.29,0.0,0.0,0.0,0.0,0.0,3.7,127.68,131.38,369.24,,0.0,2.049,0.138,0.2135,30.1635,6.6496,6.6496,,2.7039,2.3564,0.2178,1.3048,0.9463,95.1084,,1.4213,0.5132,0.8537,,0.1496,0.1372
42,2011-09-30,8413.642,5591.11,2822.532,1211.93,877.35,,7680.39,733.2515,-9.75,909.57,323.74,585.83,,579.065,,579.065,1056.302,733.2515,3207.0,3207.0,0.18,0.18,11918.31,10154.93,5983.01,,3367.37,31423.63,,1544.19,6940.91,848.54,11558.0,44733.57,16278.13,3749.19,2074.73,6226.66,22504.8,0.0,,,268.28,22228.76,44733.57,549.35,323.05,0.0,323.05,0.0,0.0,0.0,0.0,-776.7,239.66,-181.2,,-294.3,0.0,0.0,1409.63,-155.84,778.29,0.0,0.0,0.0,0.0,0.0,-1.29,-2.26,-3.55,1060.01,,0.0,1.9304,0.1443,0.2143,35.7588,8.715,8.715,,10.8107,6.8825,0.1881,0.9345,0.8285,108.6264,215.8435,3.7877,1.2945,2.2291,,0.0758,0.0185
43,2011-06-30,8484.256,5446.83,3037.426,1296.46,1211.24,,7954.53,529.7256,-68.75,734.42,220.18,514.24,,482.69,,482.69,890.0656,529.7256,3204.0,3231.0,0.15,0.15,12588.6,9618.46,5619.52,,3259.08,31085.67,,1336.44,7013.53,923.9,11354.16,44002.4,15612.79,3777.63,1356.59,5541.479,21154.29,0.0,,,22848.11,22848.11,44002.4,538.31,360.34,0.0,360.34,0.0,0.0,0.0,0.0,65.2,907.23,-187.17,,-83.75,0.0,0.0,532.9,-85.11,176.86,0.0,0.0,0.0,0.0,0.0,-1152.71,-168.1,-1320.81,-207.23,,0.0,1.991,0.1419,0.2126,39.0238,6.2436,6.2436,,8.6563,5.6892,0.1928,0.9693,0.8821,102.0315,2.1126,3.0483,1.097,1.8129,,0.2809,0.223
44,2011-03-31,8681.4,5017.01,3664.391,1230.61,991.91,,7239.53,1441.871,-19.86,897.35,269.03,628.3199,,671.58,,671.58,1782.051,1441.871,3228.75,3228.75,0.21,0.21,12788.46,12376.51,4950.48,,417.8,30533.27,,1370.75,6809.41,686.84,10882.86,42828.47,14498.48,4034.18,1175.94,5583.87,20082.37,0.0,,,22746.1,22746.1,42828.47,628.32,340.18,,340.18,,,,,-1411.71,-447.52,-135.98,,-70.07,,,570.72,-13.86,350.81,,0.0,0.0,,0.0,0.0,190.96,190.96,-16.63,,,2.106,0.1506,0.209,36.1664,16.6087,16.6087,,10.3365,7.7358,0.2027,1.0134,0.7014,128.3072,2.9525,4.2141,1.5681,2.5077,,-0.1386,-0.1807
45,2010-12-31,9522.925,5961.82,3561.105,1261.76,924.14,,8147.72,1375.205,-136.41,861.76,232.55,629.21,,664.51,,664.51,1699.405,1375.205,3245.185,3269.403,0.2,0.2,12131.27,8508.87,4161.66,,2821.44,27623.26,,1395.06,6517.2,606.91,10292.16,39228.64,13469.4,3752.13,1216.74,5560.46,19029.89,0.0,,,0.0,20198.75,39228.64,620.12,324.2,0.0,324.2,0.0,0.0,0.0,0.0,585.23,2129.75,-138.78,,-49.0,0.0,0.0,-245.91,-147.22,-580.9,0.0,0.0,0.0,0.0,0.0,-15.24,-223.08,-238.33,1343.23,,0.0,2.0508,0.1567,0.212,33.4356,14.441,14.441,,9.0493,6.978,0.2428,1.4326,1.1192,80.4163,,4.857,1.6939,2.7745,,0.6446,0.6038
46,2010-09-30,7143.516,4039.7,3103.816,1058.77,709.84,,5808.31,1335.207,-30.84,698.96,209.71,489.25,,534.549,,534.549,1676.607,1335.207,3198.0,3224.0,0.17,0.17,10489.15,7963.32,4172.86,,2885.64,25510.99,,1425.88,6389.96,511.14,10283.42,37073.65,12125.44,3857.8,1605.71,6028.89,18154.36,0.0,,,0.0,18919.29,37073.65,506.74,341.4,0.0,341.4,0.0,0.0,0.0,0.0,925.68,1625.28,-147.47,,-87.3,0.0,0.0,-452.61,-161.25,-848.63,0.0,0.0,0.0,0.0,0.0,-66.7,168.23,101.53,731.24,,0.0,2.1039,0.1694,0.2356,34.9747,18.6912,18.6912,,9.7845,7.483,0.1927,0.9681,0.8971,100.3286,,4.2664,1.4419,2.3469,,0.5042,0.4584
47,2010-06-30,6523.712,4003.11,2520.602,1026.23,881.51,,5910.85,612.8623,-57.46,383.16,114.79,268.37,,275.652,,275.652,897.2323,612.8623,3196.0,3221.0,0.09,0.09,8948.91,9186.57,3892.16,,2589.87,24617.52,,1570.52,6555.12,484.71,10735.76,36652.15,12336.5,3904.6,1497.04,6003.52,18340.04,0.0,,,0.0,18312.11,36652.15,259.97,284.37,0.0,284.37,0.0,0.0,0.0,0.0,-859.41,-373.54,-124.52,,-107.79,0.0,0.0,813.01,-347.11,233.57,0.0,0.0,0.0,0.0,0.0,-847.49,202.8,-644.68,-707.19,,0.0,1.9955,0.1758,0.2407,35.9975,9.3944,9.3944,,5.8733,4.2254,0.178,1.0285,0.7101,126.7363,,2.3446,0.7521,1.2407,,-0.1161,-0.1546
48,2010-03-31,6251.17,3965.25,2285.92,1046.11,974.11,,5985.47,265.7002,-31.97,253.11,76.03,177.08,,176.538,,176.538,701.1802,265.7002,3195.0,3219.0,0.06,0.05,10821.84,8714.6,3353.51,,2465.58,25355.54,,1602.11,6523.82,406.85,10577.47,37228.37,11683.36,4066.72,1495.64,6044.68,17728.06,0.0,,,0.0,19500.31,37228.37,177.08,435.48,,435.48,,,,,-253.67,318.86,-85.06,,-150.12,,,-534.31,219.75,-549.74,,0.0,0.0,,0.0,0.0,-7.78,-7.78,-244.5,,,2.1702,0.1726,0.2229,36.8781,4.2504,4.2504,,4.049,2.8241,0.1679,1.1824,0.7173,125.4668,,1.3604,0.4742,0.7491,,0.0991,0.0726
49,2009-12-31,8051.23,5596.089,2455.141,1314.53,1059.81,,7970.429,80.8008,-139.73,213.19,95.38,117.81,,96.67,,96.67,553.3807,80.8008,7000.0,7000.0,0.01,0.01,10127.56,10956.0,2998.77,,,24082.34,,1562.08,6361.47,449.72,10264.43,35614.78,11284.28,3959.47,1455.82,5867.65,17151.94,0.0,,,0.0,18462.84,35614.78,78.69,472.58,0.0,472.58,0.0,0.0,0.0,0.0,706.57,1593.68,-94.02,,-1042.04,0.0,0.0,178.24,-184.86,-1142.69,0.0,0.0,0.0,0.0,0.0,-15.26,-818.1,-833.36,-320.45,,0.0,2.1341,0.1766,0.2296,33.8737,1.0036,1.0036,,2.6479,1.2007,0.2261,1.8661,0.7349,122.4707,,0.7988,0.2714,0.4311,,-0.0517,-0.0029
50,2009-09-30,6737.428,4172.33,2565.098,1125.86,723.22,,6021.41,716.0181,-182.89,157.0,51.23,105.77,,112.017,,112.017,1213.378,716.0181,3190.0,3190.0,0.04,0.04,10931.08,11177.28,3668.03,,,25776.41,,1722.09,5578.5,468.66,9679.85,36753.4,11206.32,4728.28,1440.28,6589.279,17795.61,0.0,,,0.0,18957.78,36753.4,132.06,497.36,0.0,497.36,0.0,0.0,0.0,0.0,42.66,840.48,-101.65,,-1268.62,0.0,0.0,-1363.29,397.71,-2335.83,0.0,0.0,0.0,0.0,0.0,-62.3,172.15,109.85,-1553.58,,0.0,2.3002,0.1996,0.2722,32.4899,10.6275,10.6275,,2.3303,1.6626,0.1833,1.1375,0.6028,149.3085,,0.8372,0.3048,0.4729,,0.2543,0.2254
51,2009-06-30,6933.468,4385.43,2548.038,1073.27,945.26,,6403.96,529.5078,-73.53,144.52,43.3,101.22,,106.464,,106.464,937.6878,529.5078,3076.923,3076.923,0.04,0.04,9590.91,10936.98,3687.57,,274.44,24489.91,,1900.8,5666.48,642.36,9946.49,35726.87,11363.32,4565.52,1324.48,6372.97,17736.31,0.0,,,0.0,17990.56,35726.87,114.05,408.18,0.0,408.18,0.0,0.0,0.0,0.0,558.56,1139.63,-143.47,,1138.92,0.0,0.0,-1017.44,59.62,37.62,0.0,0.0,0.0,0.0,0.0,-756.41,1030.64,274.23,1507.85,,0.0,2.1552,0.2024,0.279,32.2579,7.637,7.637,,2.0844,1.5355,0.1941,1.1892,0.6339,141.9677,,0.8639,0.298,0.472,,0.3665,0.3186
52,2009-03-31,6132.181,3834.84,2297.341,849.6,823.56,,5508.0,624.1812,-130.92,309.36,89.4,219.96,,226.76,,226.76,846.4211,624.1812,3187.0,3187.0,0.07,0.07,7686.6,10951.68,3684.36,,222.72,22545.36,,2017.08,5742.0,636.12,10143.72,33901.92,11603.88,3007.32,1337.76,4852.32,16456.2,0.0,,,0.0,17445.72,33901.92,219.96,222.24,,222.24,,,,,-846.72,-342.96,-119.16,,-1138.92,,,-50.88,-195.12,-1504.08,,0.0,0.0,,0.0,0.0,224.88,224.88,-1615.8,,,1.9429,0.147,0.2216,34.4647,10.1788,10.1788,,5.0449,3.6979,0.1809,1.0408,0.5599,160.7342,,1.9375,0.6689,1.1087,,-0.1076,-0.145
