,dates,revenue,cost-goods-sold,gross-profit,research-development-expenses,selling-general-administrative-expenses,other-operating-income-expenses,operating-expenses,operating-income,total-non-operating-income-expense,pre-tax-income,total-provision-income-taxes,income-after-taxes,other-income,income-from-continuous-operations,income-from-discontinuous-operations,net-income,ebitda,ebit,basic-shares-outstanding,shares-outstanding,eps-basic-net-earnings-per-share,eps-earnings-per-share-diluted,cash-on-hand,receivables-total,inventory,pre-paid-expenses,other-current-assets,total-current-assets,net-property-plant-equipment,long-term-investments,goodwill-intangible-assets-total,other-long-term-assets,total-long-term-assets,total-assets,total-current-liabilities,long-term-debt,other-non-current-liabilities,total-long-term-liabilities,total-liabilities,common-stock-net,retained-earnings-accumulated-deficit,comprehensive-income,other-share-holders-equity,total-share-holder-equity,total-liabilities-share-holders-equity,net-income-loss,total-depreciation-amortization-cash-flow,other-non-cash-items,total-non-cash-items,change-in-accounts-receivable,change-in-inventories,change-in-accounts-payable,change-in-assets-liabilities,total-change-in-assets-liabilities,cash-flow-from-operating-activities,net-change-in-property-plant-equipment,net-change-in-intangible-assets,net-acquisitions-divestitures,net-change-in-short-term-investments,net-change-in-long-term-investments,net-change-in-investments-total,investing-activities-other,cash-flow-from-investing-activities,net-long-term-debt,net-current-debt,debt-issuance-retirement-net-total,net-common-equity-issued-repurchased,net-total-equity-issued-repurchased,total-common-preferred-stock-dividends-paid,financial-activities-other,cash-flow-from-financial-activities,net-cash-flow,stock-based-compensation,common-stock-dividends-paid,current-ratio,long-term-debt-capital,debt-equity-ratio,gross-margin,operating-margin,ebit-margin,ebitda-margin,pre-tax-profit-margin,net-profit-margin,asset-turnover,inventory-turnover,receiveable-turnover,days-sales-in-receivables,roe,return-on-tangible-equity,roa,roi,book-value-per-share,operating-cash-flow-per-share,free-cash-flow-per-share
0,2022-03-31,22.542,13.209,9.333,3.25,6.644,,24.109,-1.567,0.011,-1.556,0.008,-1.564,,-1.564,,-1.564,-0.695,-1.567,17.972,17.972,-0.09,-0.09,27.676,17.329,12.852,1.956,,59.813,11.49,,7.649,2.346,21.485,81.298,12.966,,3.82,3.82,16.786,0.018,-58.299,-0.586,,64.512,81.298,-1.564,0.872,0.403,1.275,1.53,0.772,-1.299,-0.058,-1.041,-1.33,-0.32,,,-0.007,,-0.007,,-0.327,-0.019,,-0.019,,,-1.001,-0.392,-1.412,-3.085,0.774,-1.001,4.6131,,,41.4027,-6.9515,-6.9515,,-6.9027,-6.9382,0.2773,1.0278,1.3008,69.1869,-2.4244,-2.7505,-1.9238,-2.4244,3.4958,-0.074,-0.0918
1,2021-12-31,26.008,14.064,11.944,3.605,7.045,,25.63,0.378,-0.037,0.341,0.021,0.32,,0.32,,0.32,1.244,0.378,18.017,18.122,0.02,0.02,30.754,18.905,13.691,1.747,,65.097,11.949,,7.913,2.438,22.3,87.397,16.477,,3.999,3.999,20.476,0.018,-56.735,-0.36,,66.921,87.397,0.32,0.866,1.365,2.231,-3.058,-0.747,0.714,-0.188,-3.249,-0.698,-0.324,,0.0,0.118,0.0,0.118,,-0.206,-0.019,,-0.019,0.422,0.422,-1.014,-0.004,-0.615,-1.58,0.892,-1.014,3.9508,,,45.9243,1.4534,1.4534,,1.3111,1.2304,0.2976,1.0272,1.3757,65.4203,0.4782,0.5423,0.3661,0.4782,3.6693,-0.0417,-0.0585
2,2021-09-30,22.411,12.157,10.254,3.338,6.164,,21.738,0.673,-0.004,0.669,0.005,0.664,,0.664,,0.664,1.538,0.673,17.945,17.962,0.04,0.04,32.452,15.846,12.983,1.282,,62.563,12.369,,8.156,2.479,23.004,85.567,14.884,,4.238,4.238,19.122,0.018,-57.055,-0.22,,66.445,85.567,0.664,0.865,0.307,1.172,0.902,-0.613,-0.07,0.419,1.422,3.258,-0.74,,0.0,2.322,0.0,2.322,,1.582,-0.019,,-0.019,-2.46,-2.46,-1.002,0.0,-3.481,1.347,0.372,-1.002,4.2034,,,45.7543,3.003,3.003,,2.9851,2.9628,0.2619,0.9364,1.4143,63.6357,0.9993,1.1392,0.776,0.9993,3.6589,0.184,0.1417
3,2021-06-30,21.681,11.739,9.942,3.221,6.723,,21.798,-0.117,-0.045,-0.162,0.007,-0.169,,-0.169,,-0.169,0.704,-0.117,18.241,18.241,-0.01,-0.01,33.427,16.786,12.391,1.583,,64.187,12.39,,8.395,2.573,23.358,87.545,14.177,,4.345,4.345,18.522,0.019,-57.719,-0.068,,69.023,87.545,-0.169,0.821,1.076,1.897,-0.739,-1.38,1.431,0.373,-0.269,1.459,-0.912,,-6.277,2.766,0.0,2.766,,-4.423,-0.019,,-0.019,-0.292,-0.292,-1.007,-0.123,-1.441,-4.371,1.039,-1.007,4.5275,,,45.8558,-0.5396,-0.5396,,-0.7472,-0.7795,0.2477,0.9474,1.2916,69.6804,-0.2448,-0.2787,-0.193,-0.2448,3.7271,0.0792,0.0294
4,2021-03-31,17.707,9.369,8.338,3.194,5.839,,18.402,-0.695,0.039,-0.656,0.006,-0.662,,-0.662,,-0.662,0.047,-0.695,18.07,18.07,-0.04,-0.04,37.601,14.61,9.719,1.543,,63.473,12.056,2.963,3.332,2.425,20.776,84.249,10.342,,4.262,4.262,14.604,0.019,-57.55,0.002,,69.645,84.249,-0.662,0.742,0.595,1.337,1.999,0.259,-2.061,0.222,0.979,1.654,-0.354,,,7.454,,7.454,,7.1,-0.016,,-0.016,-0.023,-0.023,-1.011,-0.659,-1.709,7.035,0.618,-1.011,6.1374,,,47.0887,-3.925,-3.925,,-3.7047,-3.7386,0.2102,0.964,1.212,74.2588,-0.9505,-0.9983,-0.7858,-0.9505,3.7607,0.0915,0.0719
5,2020-12-31,21.185,10.569,10.616,3.204,5.427,,19.2,1.985,-0.11,1.875,0.004,1.871,,1.871,,1.871,2.744,1.985,18.207,18.399,0.1,0.1,36.343,16.601,9.984,1.685,,64.613,12.505,4.64,3.332,2.441,22.918,87.531,11.746,,4.387,4.387,16.133,0.018,-56.888,0.018,,71.398,87.531,1.871,0.759,0.521,1.28,-2.639,0.385,2.296,-0.432,-0.35,2.801,-0.72,,0.0,1.616,0.0,1.616,,0.896,-0.019,,-0.019,-1.443,-1.443,-1.029,-0.029,-2.52,1.332,0.483,-1.029,5.5009,,,50.1109,9.3698,9.3698,,8.8506,8.8317,0.242,1.0586,1.2761,70.5258,2.6205,2.7488,2.1375,2.6205,3.8742,0.1495,0.1112
6,2020-09-30,18.923,9.348,9.575,3.216,5.199,,17.788,1.135,-0.084,1.051,0.009,1.042,,1.042,,1.042,1.893,1.135,18.199,18.311,0.06,0.06,37.532,13.955,10.29,1.207,,62.984,12.728,3.735,3.332,2.492,22.287,85.271,9.373,,4.557,4.557,13.93,0.019,-58.759,-0.186,,71.341,85.271,1.042,0.758,0.367,1.125,1.534,0.809,-2.02,0.181,1.374,3.541,-0.955,,0.0,-3.74,0.0,-3.74,,-4.695,-0.018,,-0.018,0.008,0.008,-1.025,-0.002,-1.037,-2.029,0.433,-1.025,6.7197,,,50.5998,5.998,5.998,,5.5541,5.5065,0.2219,0.9085,1.356,66.3716,1.4606,1.5322,1.222,1.4606,3.8275,0.1913,0.1399
7,2020-06-30,19.842,10.321,9.521,3.07,5.342,,18.744,1.098,0.102,1.2,0.008,1.192,,1.192,,1.192,1.852,1.098,18.159,18.214,0.07,0.07,35.814,15.414,11.017,1.32,,63.565,12.488,3.742,3.332,2.579,22.141,85.706,10.578,,4.449,4.449,15.027,0.019,-59.801,-0.392,,70.679,85.706,1.192,0.754,0.782,1.536,-1.367,0.122,0.073,0.381,0.061,2.789,-0.902,,0.0,-4.49,0.0,-4.49,,-5.392,-0.021,,-0.021,0.437,0.437,-1.022,0.0,-0.606,-3.204,1.001,-1.022,6.0092,,,47.9841,5.5337,5.5337,,6.0478,6.0075,0.2315,0.9368,1.2873,69.9153,1.6865,1.7699,1.3908,1.6865,3.7917,0.153,0.1035
8,2020-03-31,17.506,9.291,8.215,3.029,5.944,,18.384,-0.878,0.198,-0.68,0.008,-0.688,,-0.688,,-0.688,0.014,-0.878,18.207,18.207,-0.04,-0.04,38.27,13.918,11.133,1.568,,64.889,12.13,,3.332,2.748,18.21,83.099,9.754,,4.289,4.289,14.043,0.018,-60.993,-0.407,,69.056,83.099,-0.688,0.892,0.65,1.542,3.432,0.76,0.737,0.509,3.435,4.289,-1.516,,,3.948,,3.948,,2.432,-0.02,,-0.02,-1.941,-1.941,-1.032,-1.106,-4.099,2.568,0.562,-1.032,6.6526,,,46.9268,-5.0154,-5.0154,,-3.8844,-3.9301,0.2107,0.8345,1.2578,71.5538,-0.9963,-1.0468,-0.8279,-0.9963,3.7417,0.2356,0.1523
9,2019-12-31,22.898,11.385,11.513,3.049,6.495,,21.191,1.707,0.107,1.814,0.016,1.798,,1.798,,1.798,2.64,1.707,17.853,18.159,0.11,0.11,39.65,17.38,11.935,1.842,,70.807,11.985,,3.476,2.969,18.43,89.237,12.572,,3.315,3.315,15.887,0.019,-60.305,-0.318,,73.35,89.237,1.798,0.933,0.593,1.526,-0.256,1.711,-1.822,-0.43,-0.001,3.323,-0.897,,0.0,48.108,-48.245,-0.137,,-1.034,-0.02,,-0.02,0.453,0.453,-1.022,-0.398,-0.987,1.447,0.887,-1.022,5.6321,,,50.2795,7.4548,7.4548,,7.9221,7.8522,0.2566,0.9539,1.3175,68.3116,2.4513,2.5732,2.0149,2.4513,3.9412,0.1835,0.134
10,2019-09-30,23.63,12.983,10.647,3.214,6.149,,22.689,0.941,0.393,1.334,0.006,1.328,,1.328,,1.328,1.883,0.941,17.922,18.181,0.07,0.07,38.066,17.117,13.577,1.087,,69.847,11.109,,3.691,3.22,18.02,87.867,13.419,,2.97,2.97,16.389,0.019,-62.103,-0.472,,71.478,87.867,1.328,0.942,1.247,2.189,-1.042,-0.57,-0.788,0.593,-0.991,2.526,-0.38,,0.0,0.275,0.0,0.275,,-0.105,-0.027,,-0.027,0.392,0.392,-1.017,-0.011,-0.663,1.581,0.918,-1.017,5.2051,,,45.0571,3.9822,3.9822,,5.6454,5.62,0.2689,0.9562,1.3805,65.1938,1.8579,1.9591,1.5114,1.8579,3.8487,0.1351,0.1149
11,2019-06-30,23.499,12.805,10.694,3.006,7.011,,22.87,0.629,0.32,0.949,0.008,0.941,,0.941,,0.941,1.558,0.629,17.828,17.934,0.05,0.05,36.76,16.108,13.14,1.412,,67.42,11.536,,3.906,1.291,16.733,84.153,13.265,,0.759,0.759,14.024,0.018,-63.431,-0.211,,70.129,84.153,0.941,0.929,1.469,2.398,0.278,-0.306,-0.785,0.314,0.191,3.53,-0.675,,0.0,-2.108,0.0,-2.108,,-2.783,-0.026,,-0.026,0.0,0.0,-1.013,0.0,-1.039,-0.389,1.446,-1.013,5.0825,,,45.5083,2.6767,2.6767,,4.0385,4.0044,0.2792,0.9745,1.4588,61.6928,1.3418,1.421,1.1182,1.3418,3.8076,0.1952,0.158
12,2019-03-31,20.59,11.932,8.658,3.003,6.051,,21.059,-0.469,0.162,-0.307,0.01,-0.317,,-0.317,,-0.317,0.482,-0.469,17.617,17.617,-0.02,-0.02,35.041,16.427,12.919,1.541,,65.928,11.74,,4.121,1.531,17.392,83.32,13.549,,0.868,0.868,14.417,0.018,-64.372,-0.063,,68.903,83.32,-0.317,0.951,0.886,1.837,-0.512,0.038,0.554,0.0,0.019,1.539,-0.311,,,0.284,,0.284,,-0.027,-0.026,,-0.026,0.338,0.338,-1.016,-0.743,-1.447,0.126,0.882,-1.016,4.8659,,,42.0495,-2.2778,-2.2778,,-1.491,-1.5396,0.2471,0.9236,1.2534,71.8033,-0.4601,-0.4893,-0.3805,-0.4601,3.7411,0.0874,0.0697
13,2018-12-31,21.24,12.543,8.697,2.83,6.207,,21.665,-0.425,0.078,-0.347,8.788,-9.135,,-9.135,,-9.135,0.544,-0.425,17.186,17.186,-0.53,-0.53,35.199,15.864,12.848,1.416,,65.327,12.138,,4.361,0.045,16.544,81.871,11.884,,0.381,0.381,12.265,0.018,-64.055,-0.216,,69.606,81.871,-9.135,0.969,9.388,10.357,-2.606,-0.163,0.84,-0.224,-1.379,-0.157,-0.548,,0.0,45.491,-44.591,0.9,,0.352,-0.034,,-0.034,0.0,0.0,-1.008,-0.277,-1.319,-1.048,0.689,-1.008,5.4971,,,40.9463,-2.001,-2.001,,-1.6337,-43.0085,0.2594,0.9763,1.3389,67.2204,-13.1239,-14.0011,-11.1578,-13.1239,3.8096,-0.0085,-0.0407
14,2018-09-30,18.426,11.705,6.721,3.028,5.986,,20.804,-2.378,0.226,-2.152,-0.482,-1.67,,-1.67,,-1.67,-1.419,-2.378,17.234,17.234,-0.1,-0.1,37.147,13.261,12.691,1.185,,64.284,12.491,,4.612,0.052,25.84,90.124,10.461,,0.383,0.383,10.844,0.018,-54.92,-0.273,,79.28,90.124,-1.67,0.959,0.44,1.399,4.495,0.64,-2.488,0.036,2.394,2.123,-0.686,,0.0,-2.866,0.0,-2.866,,-3.552,-0.034,,-0.034,0.322,0.322,-1.008,-0.012,-0.732,-2.226,0.786,-1.008,6.1451,,,36.4756,-12.9057,-12.9057,,-11.6792,-9.0633,0.2045,0.9223,1.3895,64.7721,-2.1065,-2.2366,-1.853,-2.1065,4.328,0.1226,0.0833
15,2018-06-30,21.582,13.783,7.799,3.053,6.224,,23.184,-1.602,0.209,-1.393,-0.167,-1.226,,-1.226,,-1.226,-0.604,-1.602,17.142,17.142,-0.07,-0.07,36.507,17.929,13.47,1.285,,69.191,12.844,,4.864,0.058,25.979,95.17,13.632,,0.453,0.453,14.085,0.018,-53.25,-0.05,,81.085,95.17,-1.226,0.998,1.049,2.047,0.823,-1.134,2.807,0.582,2.744,3.565,-0.635,,0.0,-6.619,0.0,-6.619,,-7.254,-0.033,,-0.033,0.0,0.0,-1.004,0.0,-1.037,-4.849,1.118,-1.004,5.0756,,,36.1366,-7.4228,-7.4228,,-6.4545,-5.6807,0.2268,1.0232,1.2037,74.7665,-1.512,-1.6085,-1.2882,-1.512,4.4265,0.2084,0.1716
16,2018-03-31,21.731,13.867,7.864,2.94,6.021,,22.952,-1.221,0.051,-1.17,-0.312,-0.858,,-0.858,,-0.858,-0.257,-1.221,17.056,17.056,-0.05,-0.05,34.737,19.026,12.582,1.874,,68.219,12.537,,5.155,0.064,25.824,94.043,11.013,,0.485,0.485,11.498,0.018,-52.024,0.298,,82.545,94.043,-0.858,0.964,0.446,1.41,-0.35,0.321,-0.064,-0.236,-2.14,-1.588,-0.87,,,10.214,,10.214,,9.344,-0.024,,-0.024,0.364,0.364,-0.995,-0.289,-0.944,6.893,0.668,-0.995,6.1944,,,36.1879,-5.6187,-5.6187,,-5.384,-3.9483,0.2311,1.1021,1.1422,78.7971,-1.0394,-1.1087,-0.9123,-1.0394,4.5208,-0.0931,-0.1441
17,2017-12-31,23.301,13.056,10.245,3.002,6.262,,22.444,0.857,0.031,0.888,-2.403,3.291,,3.291,,3.25,1.801,0.857,16.626,16.913,0.19,0.19,38.058,18.624,12.756,1.605,,71.043,12.369,,5.445,0.072,25.62,96.663,12.952,,0.392,0.392,13.344,0.018,-51.258,0.054,,83.319,96.663,3.289,0.944,-1.791,-0.847,0.126,0.161,0.041,-0.64,0.251,2.693,-0.569,,0.0,46.489,-49.009,-2.52,,-3.089,-0.034,,-0.034,0.6,0.6,-0.975,-0.108,-0.517,-0.968,0.547,-0.975,5.4851,,,43.9681,3.6779,3.6779,,3.811,13.9479,0.2411,1.0235,1.2511,71.9351,3.9499,4.2261,3.4046,3.9499,4.679,0.163,0.1282
18,2017-09-30,23.665,13.515,10.15,2.757,6.376,,22.772,0.893,0.032,0.925,0.206,0.719,,0.719,,0.955,1.835,0.893,16.757,17.065,0.06,0.06,36.506,18.53,12.828,0.966,,68.83,12.227,,5.735,0.069,23.375,92.205,11.919,,0.43,0.43,12.349,0.018,-54.508,-0.095,,79.856,92.205,0.721,0.942,0.832,1.774,-0.786,1.03,-0.846,0.488,0.186,2.681,-0.552,,0.0,-7.639,0.0,-7.639,,-8.191,-0.023,,-0.023,0.508,0.508,-0.978,-0.498,-0.991,-5.348,0.661,-0.978,5.7748,,,42.8903,3.7735,3.7735,,3.9087,4.0355,0.2567,1.0536,1.2771,70.4712,0.9004,0.97,0.7798,0.9004,4.4956,0.1488,0.1194
19,2017-06-30,21.501,12.539,8.962,2.667,6.51,,21.84,-0.339,0.014,-0.325,-0.14,-0.185,,-0.185,,-0.353,0.586,-0.339,16.534,16.534,-0.02,-0.02,34.215,17.735,13.783,1.365,0.694,67.792,12.31,,6.026,0.083,24.066,91.858,12.309,,0.472,0.472,12.781,0.018,-55.463,-0.226,,79.077,91.858,-0.185,0.925,0.92,1.845,0.664,-1.011,0.58,-0.191,0.699,2.359,-0.492,,0.0,-4.338,0.0,-4.338,,-4.83,-0.022,,-0.022,0.537,0.537,-0.887,-0.078,-0.45,-3.085,1.089,-0.887,5.5075,,,41.6818,-1.5767,-1.5767,,-1.5116,-1.6418,0.2341,0.9097,1.2123,74.2361,-0.2339,-0.2532,-0.2014,-0.2339,4.4448,0.1412,0.1122
20,2017-03-31,22.97,13.516,9.454,2.716,6.592,,22.948,0.022,0.028,0.05,-0.134,0.184,,0.184,,-0.03,0.94,0.022,16.34,16.34,0.0,0.0,32.962,18.347,12.692,1.219,,65.22,13.059,,6.317,0.035,24.81,90.03,10.905,,0.489,0.489,11.394,0.018,-55.11,-0.331,,78.636,90.03,0.184,0.918,0.392,1.31,0.794,1.79,-0.812,0.307,0.542,2.036,-1.052,,,0.454,,0.454,,-0.598,-0.019,,-0.019,0.33,0.33,-0.865,-0.614,-1.168,0.105,0.708,-0.865,5.9807,,,41.158,0.0958,0.0958,,0.2177,-0.1306,0.2551,1.0649,1.252,71.8864,0.234,0.2544,0.2044,0.234,4.4462,0.1246,0.0602
21,2016-12-31,21.732,11.561,10.171,2.577,6.235,,19.726,2.006,0.063,2.069,5.718,-3.649,,-3.649,,-5.327,2.931,2.006,16.151,16.151,-0.32,-0.32,33.311,19.101,14.442,1.498,0.05,68.402,11.833,,6.607,0.812,23.764,92.166,13.25,,0.391,0.391,13.641,0.017,-55.59,-0.382,,78.525,92.166,-4.568,0.925,5.41,6.335,-1.251,0.07,0.876,-0.234,1.481,3.248,-0.175,,0.0,128.088,-128.445,-0.357,,-0.532,-0.017,,-0.017,0.0,0.0,-0.867,-0.061,-0.945,1.747,0.778,-0.867,5.1624,,,46.8019,9.2306,9.2306,,9.5205,-24.5122,0.2358,0.8005,1.1377,79.1041,-4.6469,-5.0738,-3.9592,-4.6469,4.5299,0.2039,0.1926
22,2016-09-30,20.892,12.637,8.255,2.451,5.963,,21.192,-0.3,0.035,-0.265,-0.354,0.089,,0.089,,0.175,0.665,-0.3,16.106,16.245,0.01,0.01,31.204,17.997,14.705,1.3,,65.206,13.123,,8.056,0.038,30.481,95.687,10.849,,0.447,0.447,11.296,0.017,-50.263,-0.141,,84.391,95.687,0.089,0.965,0.613,1.578,0.176,0.468,0.547,0.12,0.931,2.598,-0.282,,0.0,-50.307,54.181,3.874,,3.592,-0.025,,-0.025,0.299,0.299,-0.866,-0.178,-0.77,5.803,0.979,-0.866,6.0103,,,39.5127,-1.436,-1.436,,-1.2684,0.8376,0.2183,0.8594,1.1609,77.5287,0.1055,0.1166,0.093,0.1055,4.8638,0.1545,0.1384
23,2016-06-30,21.308,12.374,8.934,2.523,6.346,,21.394,-0.086,0.008,-0.078,7.703,-7.781,,-7.781,,-11.073,0.29,-0.086,15.979,15.979,-0.69,-0.69,29.278,18.191,15.19,1.448,,64.107,13.615,,8.473,0.038,31.075,95.182,10.511,,0.473,0.473,10.984,0.017,-49.572,-0.127,,84.198,95.182,-6.862,0.376,9.232,9.608,-2.091,2.176,0.064,0.325,0.907,3.653,-0.569,,0.0,1.458,0.0,1.458,,0.889,0.0,,0.0,0.0,0.0,-0.853,-0.001,-0.854,2.854,1.231,-0.853,6.099,,,41.9279,-0.4036,-0.4036,,-0.3661,-51.9664,0.2239,0.8146,1.1713,76.8345,-9.2413,-10.2753,-8.1749,-9.2413,4.8602,0.2308,0.1943
24,2016-03-31,21.074,14.023,7.051,2.607,6.077,,23.827,-2.753,0.006,-2.747,-1.291,-1.456,,-1.456,,-1.456,-1.192,-2.753,16.324,16.324,-0.09,-0.09,27.882,16.158,17.479,1.726,,63.245,13.659,,13.941,0.039,42.205,105.45,10.012,,0.415,0.415,10.427,0.017,-37.646,0.009,,95.023,105.45,-1.456,1.561,-0.328,1.233,4.861,0.149,-1.971,-0.127,1.849,1.626,-0.698,,,1.297,,1.297,,0.599,-0.009,,-0.009,-3.745,-3.745,-0.87,-0.186,-4.81,-2.604,0.859,-0.87,6.3169,,,33.4583,-13.0635,-13.0635,,-13.035,-6.909,0.1998,0.8023,1.3042,69.0054,-1.5323,-1.7957,-1.3807,-1.5323,5.5086,0.0996,0.0568
25,2015-12-31,10.056,2.929,7.127,2.7,4.822,,10.557,-0.501,0.504,0.003,-0.011,0.014,,0.014,,-0.82,-0.653,-0.501,17.737,17.737,-0.0482,-0.0482,31.783,21.001,17.596,1.586,,71.966,13.839,,14.71,0.04,41.744,113.71,12.925,,0.388,0.388,13.313,0.018,-35.32,-0.015,,100.397,113.71,0.014,-0.152,0.736,0.584,-0.381,-0.477,1.058,0.692,0.137,0.735,20.507,,-20.5,26.846,-30.146,-3.3,,-3.293,-0.061,,-0.061,-2.386,-2.386,-0.881,-0.438,-3.766,-5.832,0.32,-0.881,5.568,,,70.8731,-4.9821,-4.9821,,0.0298,-8.1543,0.0884,0.1665,0.4788,187.9565,0.0139,0.0163,0.0123,0.0139,5.6869,0.0387,1.2027
26,2015-09-30,26.526,18.063,8.463,2.863,6.45,,28.747,-2.221,0.534,-1.687,-0.625,-1.062,,-1.062,,-1.062,-0.314,-2.221,17.626,17.626,-0.06,-0.06,34.315,20.643,17.187,2.44,,76.864,14.042,,15.927,0.036,40.353,117.217,12.061,,0.93,0.93,12.991,0.018,-33.619,0.059,,104.226,117.217,-1.062,1.907,-0.098,1.809,0.986,0.434,-0.081,-0.309,-0.025,0.722,-0.262,,0.0,3.647,0.0,3.647,,3.385,0.0,,0.0,-6.487,-6.487,-0.911,0.0,-7.398,-3.297,0.65,-0.911,6.3729,,,31.9046,-8.3729,-8.3729,,-6.3598,-4.0036,0.2263,1.051,1.285,70.0396,-1.0189,-1.2027,-0.906,-1.0189,5.8501,0.058,-0.0093
27,2015-06-30,27.625,18.276,9.349,2.904,6.727,,29.29,-1.665,2.205,0.54,0.193,0.347,,0.347,,0.347,0.291,-1.665,18.257,18.408,0.02,0.02,41.259,21.667,17.696,2.131,,84.902,14.628,,17.052,0.036,41.426,126.328,12.772,,1.426,1.426,14.198,0.019,-31.646,0.141,,112.13,126.328,0.347,1.956,0.82,2.776,2.647,0.001,0.074,0.103,3.84,6.963,-0.917,,0.0,5.866,0.0,5.866,,4.949,0.0,,0.0,-2.731,-2.731,-0.93,0.0,-3.661,8.267,0.241,-0.93,6.6475,,,33.8425,-6.0271,-6.0271,,1.9548,1.2561,0.2187,1.0328,1.275,70.5893,0.3095,0.365,0.2747,0.3095,6.0431,0.3783,0.3343
28,2015-03-31,26.326,16.137,10.189,2.738,6.893,,26.422,-0.096,0.044,-0.052,-0.019,-0.033,,-0.033,,-0.033,1.302,-0.096,18.312,18.312,-0.0018,-0.0018,38.858,24.318,17.704,2.121,,85.302,14.655,,18.642,0.038,43.045,128.347,12.713,,0.437,0.437,13.15,0.019,-31.063,0.131,,115.197,128.347,-0.033,1.398,0.085,1.483,5.008,-1.343,0.063,-1.457,-1.334,0.116,-20.864,,,8.636,,8.636,,-12.228,,,,0.543,0.543,-0.929,,-0.386,-12.515,0.501,-0.929,6.7098,,,38.7032,-0.3647,-0.3647,,-0.1975,-0.1254,0.2051,0.9115,1.0826,83.1353,-0.0286,-0.0342,-0.0257,-0.0286,6.1557,0.0063,-1.133
29,2014-12-31,29.394,17.634,11.76,2.766,6.645,,27.509,1.885,0.928,2.813,0.818,1.995,,1.995,,1.995,3.102,1.885,18.159,18.389,0.11,0.11,60.009,23.874,16.358,1.757,,104.279,14.842,,2.798,0.04,27.39,131.669,15.706,,0.448,0.448,16.154,0.019,-30.101,0.135,,115.515,131.669,1.995,1.217,1.884,3.101,-3.66,-0.013,0.043,0.822,-2.548,2.548,-0.658,,0.0,58.598,-58.629,-0.031,,-0.689,0.0,,0.0,0.253,0.253,-0.739,-0.283,-0.769,1.084,0.698,-0.739,6.6394,,,40.0082,6.4129,6.4129,,9.57,6.7871,0.2232,1.078,1.2312,73.0986,1.727,1.7699,1.5152,1.727,6.2202,0.1366,0.1015
30,2014-09-30,27.932,16.538,11.394,2.659,6.174,,25.836,2.096,0.207,2.303,0.085,2.218,,2.218,,2.218,3.284,2.096,18.112,18.271,0.12,0.12,58.891,20.236,16.367,1.444,,99.241,14.898,,3.263,0.039,28.885,128.126,13.931,,0.551,0.551,14.482,0.019,-31.355,0.176,,113.644,128.126,2.218,1.188,1.064,2.252,0.035,0.514,0.953,-0.103,1.112,5.582,-0.654,,0.0,0.225,0.0,0.225,,-0.429,0.0,,0.0,0.345,0.345,-0.736,0.486,0.095,5.225,0.731,-0.736,7.1238,,,40.7919,7.5039,7.5039,,8.245,7.9407,0.218,1.0104,1.3803,65.2026,1.9517,2.0094,1.7311,1.9517,6.1419,0.3055,0.2697
31,2014-06-30,26.182,15.331,10.851,3.069,6.773,,25.637,0.545,0.334,0.879,0.334,0.545,,0.545,,0.545,1.706,0.545,18.165,18.291,0.03,0.03,53.894,20.253,16.862,1.342,,93.98,14.961,,3.727,0.037,30.417,124.397,12.461,,1.345,1.345,13.806,0.018,-32.835,0.164,,110.591,124.397,0.545,1.161,1.286,2.447,-2.716,-0.898,0.23,0.314,-2.352,0.64,-0.61,,0.0,-0.077,0.0,-0.077,,-0.687,0.0,,0.0,-1.562,-1.562,-0.743,0.0,-2.305,-2.352,1.096,-0.743,7.5419,,,41.4445,2.0816,2.0816,,3.3573,2.0816,0.2105,0.9092,1.2927,69.6192,0.4928,0.51,0.4381,0.4928,5.9947,0.0353,0.0021
32,2014-03-31,23.656,14.074,9.582,3.242,6.188,,24.078,-0.422,0.197,-0.225,-0.079,-0.146,,-0.146,,-0.146,0.818,-0.422,18.176,18.176,-0.01,-0.01,56.169,17.541,15.961,1.664,,92.964,14.892,,4.192,0.039,31.038,124.002,11.492,,1.226,1.226,12.718,0.019,-32.635,0.158,,111.284,124.002,-0.146,1.24,-0.32,0.92,1.04,-1.473,-0.176,1.436,-1.568,-0.794,-0.62,,,-3.589,,-3.589,,-4.209,,,,0.404,0.404,-0.739,,-0.335,-5.315,0.751,-0.739,8.0895,,,40.5056,-1.7839,-1.7839,,-0.9511,-0.6172,0.1908,0.8818,1.3486,66.7353,-0.1312,-0.1363,-0.1177,-0.1312,5.9766,-0.0437,-0.0778
33,2013-12-31,25.963,15.125,10.838,3.096,6.725,,25.544,0.419,0.6,1.019,0.568,0.451,,0.451,,0.47,-0.939,0.419,17.797,18.184,0.02,0.03,57.895,18.603,14.535,3.166,,95.828,14.971,,4.765,0.041,31.604,127.432,12.243,,3.137,3.137,15.38,0.019,-31.748,0.209,,112.052,127.432,0.47,-1.358,3.795,2.437,-1.321,0.721,0.592,0.032,1.323,4.23,-1.027,,0.0,73.421,-72.01,1.411,,0.384,0.0,,0.0,0.355,0.355,-0.646,0.0,-0.291,4.38,3.44,-0.646,7.8272,,,41.744,1.6138,1.6138,,3.9248,1.8103,0.2037,1.0406,1.3956,64.4868,0.4025,0.4204,0.3539,0.4025,6.0353,0.2363,0.1788
34,2013-09-30,26.471,15.695,10.776,2.735,6.488,,25.543,0.928,0.389,1.317,0.566,0.751,,0.751,,0.751,4.802,0.928,17.841,18.354,0.04,0.04,54.936,17.275,15.238,1.304,,90.237,14.619,,5.36,1.796,34.216,124.453,10.419,,2.905,2.905,13.324,0.019,-31.57,0.184,,111.129,124.453,0.751,3.874,-1.195,2.679,1.067,0.87,-1.908,-0.309,0.772,4.202,-0.649,,0.0,-4.365,0.0,-4.365,,-5.014,0.0,,0.0,0.528,0.528,-0.644,0.0,-0.116,-0.92,-1.721,-0.644,8.6608,,,40.7087,3.5057,3.5057,,4.9753,2.8371,0.2127,1.03,1.5323,58.7341,0.6758,0.71,0.6034,0.6758,5.9969,0.2264,0.1921
35,2013-06-30,26.746,16.198,10.548,2.683,6.879,,26.488,0.258,0.057,0.315,0.128,0.187,,0.187,,0.165,1.529,0.258,17.79,18.075,0.01,0.01,51.481,18.337,16.108,1.164,,88.574,14.671,,5.956,1.727,35.343,123.917,11.503,,2.781,2.781,14.284,0.018,-31.675,0.168,,109.633,123.917,0.165,1.271,1.32,2.591,-0.489,0.764,-1.326,0.186,-1.515,1.241,-0.682,,0.0,3.256,0.0,3.256,,2.574,0.0,,0.0,-0.432,-0.432,-0.643,0.0,-1.075,2.736,1.097,-0.643,7.7001,,,39.4377,0.9646,0.9646,,1.1777,0.6169,0.2158,1.0056,1.4586,61.7038,0.1706,0.1804,0.1509,0.1706,5.9438,0.0678,0.0304
36,2013-03-31,25.073,15.475,9.598,2.55,7.652,,26.382,-1.309,4.332,3.023,1.07,1.953,,1.953,,1.865,-0.026,-1.309,17.684,17.911,0.11,0.1,52.001,17.843,16.848,1.22,,89.396,14.702,,6.56,1.729,35.991,125.387,13.161,,2.782,2.782,15.943,0.018,-31.194,0.143,,109.444,125.387,1.865,1.283,0.737,2.02,0.744,0.737,-3.507,0.826,-2.155,1.73,-0.598,,,-2.811,,-2.811,,-3.409,,,,0.38,0.38,-0.646,,-0.266,-1.965,0.624,-0.646,6.7925,,,38.2802,-5.2208,-5.2208,,12.0568,7.4383,0.2,0.9185,1.4052,64.0478,1.7845,1.8983,1.5576,1.7845,5.9274,0.0966,0.0632
37,2012-12-31,25.842,15.908,9.934,1.92,6.37,,36.904,-11.062,-0.026,-11.088,-4.394,-6.694,,-6.694,,-8.322,-10.037,-11.062,17.402,17.402,-0.48,-0.48,51.139,18.586,17.573,2.16,,90.942,14.775,,7.165,1.636,37.628,128.57,16.456,,3.866,3.969,20.425,0.019,-32.41,0.148,,108.145,128.57,-8.322,1.025,10.003,11.028,2.424,-2.053,3.009,-0.122,1.189,3.895,-0.745,,1.731,59.297,-61.927,-2.63,,-1.144,0.0,,0.0,0.007,0.007,-0.553,0.0,-0.546,0.498,0.655,-0.553,5.5264,,,38.4413,-42.8063,-42.8063,,-42.9069,-32.2034,0.201,0.9053,1.3904,64.7295,-6.1898,-6.629,-5.2065,-6.1898,5.8409,0.2266,0.1806
38,2012-09-30,25.853,15.815,10.038,2.348,5.458,,24.694,1.159,0.012,1.171,0.483,0.688,,0.688,,0.272,2.708,1.159,17.493,17.779,0.02,0.02,47.766,21.21,16.06,1.054,0.5,87.486,14.702,0.261,21.61,1.584,46.988,134.474,14.602,,3.842,3.842,18.444,0.018,-23.533,0.129,,116.03,134.474,0.272,1.549,1.106,2.655,-5.054,-0.474,0.409,0.124,-2.119,0.808,-0.967,,-16.8,7.262,0.0,7.262,,-11.005,0.0,,0.0,0.277,0.277,-0.552,0.0,-0.275,-10.729,0.693,-0.552,5.9914,,,38.8272,4.483,4.483,,4.5295,1.0521,0.1923,0.9847,1.2189,73.8367,0.593,0.7287,0.5116,0.593,6.2665,0.0436,-0.0087
39,2012-06-30,19.993,11.323,8.67,2.215,5.229,,19.309,0.684,0.039,0.723,0.278,0.445,,0.445,,-0.329,1.57,0.684,17.404,17.404,-0.02,-0.02,64.964,14.578,13.728,1.288,,95.454,14.116,1.054,8.003,1.501,33.505,128.959,10.478,,2.409,3.209,13.687,0.018,-23.251,0.109,,115.272,128.959,-0.098,0.886,1.971,2.857,-1.794,-0.498,0.127,0.196,-1.32,1.439,-0.973,,-0.931,11.836,0.0,11.836,,9.932,0.0,,0.0,0.0,0.0,-0.552,0.0,-0.552,9.95,0.901,-0.552,9.1099,,,43.3652,3.4212,3.4212,,3.6163,-1.6456,0.155,0.8248,1.3715,65.624,0.386,0.4148,0.3451,0.386,6.237,0.0827,0.0271
40,2012-03-31,17.161,9.983,7.178,2.807,5.268,,18.803,-1.642,0.075,-1.567,-0.456,-1.111,,-1.111,,-0.88,-0.311,-1.642,17.264,17.264,-0.05,-0.05,64.407,12.788,13.246,1.359,,92.696,13.696,3.497,8.748,1.568,36.34,129.036,9.869,,2.374,4.105,13.974,0.018,-22.368,0.124,,115.062,129.036,-1.111,1.331,-0.421,0.91,1.554,0.664,0.312,0.646,0.241,0.04,-0.696,,,-0.677,,-0.677,,-1.373,,,,0.294,0.294,-0.545,,-0.251,-1.578,0.737,-0.545,9.3926,,,41.8274,-9.5682,-9.5682,,-9.1312,-5.1279,0.133,0.7537,1.342,67.066,-0.9656,-1.045,-0.861,-0.9656,6.2239,0.0023,-0.038
41,2011-12-31,20.008,10.725,9.283,1.295,5.022,,17.298,2.71,-0.071,2.639,0.616,2.023,,2.023,,0.548,3.54,2.71,17.186,17.739,0.03,0.03,61.628,14.342,13.911,2.277,,93.054,13.59,7.177,9.493,1.319,40.41,133.464,12.743,,2.144,3.875,16.618,0.018,-20.941,0.121,,116.846,133.464,0.526,0.83,2.731,3.561,-0.313,-0.263,0.42,0.133,0.352,4.439,-0.916,,-1.45,14.404,-16.833,-2.429,,-4.795,0.0,,0.0,0.017,0.017,-0.545,0.0,-0.528,-2.237,0.631,-0.545,7.3024,,,46.3964,13.5447,13.5447,,13.1897,2.7389,0.1499,0.771,1.3951,64.5132,1.7313,1.8844,1.5158,1.7313,6.4134,0.249,0.1987
42,2011-09-30,19.494,10.14,9.354,3.035,5.163,,19.124,0.37,0.064,0.434,0.216,0.218,,0.218,,0.386,1.672,0.37,17.238,17.64,0.02,0.02,63.225,13.724,13.636,2.119,,93.717,13.309,5.388,9.27,1.204,38.175,131.892,11.706,,2.036,2.967,14.673,0.018,-20.942,0.102,,117.219,131.892,0.218,1.302,0.739,2.041,0.088,-0.96,-1.258,1.96,0.849,3.108,-0.715,,0.0,35.811,-41.213,-5.402,,-6.117,0.0,,0.0,-2.017,-2.017,0.0,0.0,-2.017,-5.023,0.742,0.0,8.0059,,,47.984,1.898,1.898,,2.2263,1.9801,0.1478,0.7436,1.4204,63.361,0.186,0.2019,0.1653,0.186,6.4434,0.1756,0.1383
43,2011-06-30,19.109,10.105,9.004,2.973,5.6,,19.339,-0.23,0.091,-0.139,0.076,-0.215,,-0.215,,-0.068,1.079,-0.23,17.355,17.355,0.0,0.0,59.099,13.807,12.655,4.054,,90.628,13.246,9.135,9.931,1.378,42.694,133.322,11.886,,2.238,3.169,15.055,0.018,-21.943,0.09,,118.267,133.322,-0.215,1.309,0.994,2.303,0.635,-1.068,0.008,0.346,-0.126,1.962,-1.631,,0.0,7.65,0.0,7.65,,6.019,0.0,,0.0,-0.243,-0.243,0.0,0.0,-0.243,7.75,1.02,0.0,7.6248,,,47.1192,-1.2036,-1.2036,,-0.7274,-0.3559,0.1433,0.7985,1.384,65.0285,-0.1818,-0.1985,-0.1613,-0.1818,6.3894,0.1137,0.0207
44,2011-03-31,18.233,10.012,8.221,2.983,5.326,,18.993,-0.76,0.111,-0.649,-0.304,-0.345,,-0.345,,-0.682,0.543,-0.76,17.199,17.199,-0.04,-0.04,53.306,14.436,11.565,4.482,,84.802,12.254,14.829,10.593,1.358,48.038,132.84,11.994,,2.2,3.131,15.125,0.018,-21.863,0.074,,117.715,132.84,-0.345,1.303,-0.347,0.956,-0.562,-0.831,2.093,-0.984,-1.908,-1.297,-1.8,,,-2.258,,-2.258,,-4.058,,,,0.27,0.27,,,0.27,-5.07,0.85,,7.0704,,,45.0886,-4.1683,-4.1683,,-3.5595,-3.7405,0.1373,0.8657,1.263,71.2576,-0.2931,-0.3221,-0.2597,-0.2931,6.3513,-0.0754,-0.1801
45,2010-12-31,18.56,9.794,8.766,2.649,5.338,,19.864,-1.304,0.279,-1.025,-0.322,-0.703,,-0.703,,-0.703,-0.037,-1.304,17.408,17.408,-0.04,-0.04,61.144,13.873,10.729,3.9,,90.659,11.088,9.802,8.865,1.147,39.906,130.565,11.799,,2.111,2.111,13.91,0.018,-20.578,0.061,,116.655,130.565,-0.704,1.267,1.898,3.165,-1.505,-0.658,-0.5,-0.449,-1.309,1.152,-0.564,,0.0,-24.567,22.252,-2.315,,-2.879,0.0,,0.0,-1.343,-1.343,0.0,0.0,-1.343,-3.053,1.135,0.0,7.6836,,,47.2306,-7.0259,-7.0259,,-5.5226,-3.7877,0.1422,0.9129,1.3379,67.2721,-0.6026,-0.6522,-0.5384,-0.6026,6.3795,0.0659,0.0336
46,2010-09-30,17.314,10.301,7.013,2.955,4.719,,18.812,-1.498,0.077,-1.421,-0.492,-0.929,,-0.929,,-0.929,-0.21,-1.498,17.36,17.36,-0.05,-0.05,65.124,12.367,10.064,3.76,,92.338,11.33,6.559,10.602,1.062,38.371,130.709,10.742,,2.317,2.317,13.059,0.018,-19.874,0.047,,117.65,130.709,-0.928,1.288,-0.21,1.078,0.26,-0.963,1.45,-1.294,1.282,1.432,-0.511,,0.0,17.65,-22.19,-4.54,,-5.051,0.0,,0.0,-2.05,-2.05,0.0,0.0,-2.05,-5.647,0.968,0.0,8.596,,,40.5048,-8.652,-8.652,,-8.2072,-5.3656,0.1325,1.0235,1.4,64.285,-0.7896,-0.8678,-0.7107,-0.7896,6.3581,0.0829,0.0533
47,2010-06-30,17.807,9.693,8.114,3.088,5.451,,19.498,-1.691,0.087,-1.604,-0.575,-1.029,,-1.029,,-1.029,-1.318,-1.691,17.54,17.54,-0.06,-0.06,69.181,12.62,9.09,3.451,,95.366,11.345,3.611,11.345,0.955,36.017,131.383,9.302,,2.214,2.214,11.516,0.019,-18.946,0.026,,119.867,131.383,-1.029,0.373,2.917,3.29,0.2,-0.744,1.289,-1.094,-0.43,1.831,-0.215,,0.0,-8.435,9.682,1.247,,1.032,0.0,,0.0,-1.295,-1.295,0.0,0.0,-1.295,1.569,2.507,0.0,10.2522,,,45.5664,-9.4963,-9.4963,,-9.0077,-5.7786,0.1355,1.0663,1.411,63.7839,-0.8585,-0.9482,-0.7832,-0.8585,6.3365,0.1046,0.0923
48,2010-03-31,15.573,8.354,7.219,3.085,4.811,,17.013,-1.44,0.159,-1.281,-0.486,-0.795,,-0.795,,-0.795,0.844,-1.44,17.487,17.487,-0.05,-0.05,60.063,12.819,8.343,2.837,,85.086,11.678,12.406,12.12,0.981,45.889,130.975,8.024,,2.27,2.27,10.294,0.019,-17.917,0.02,,120.681,130.975,-0.795,2.284,-0.099,2.185,-2.895,-0.031,-0.52,1.762,-2.453,-1.063,-0.149,,-2.109,8.435,-9.744,-1.309,,-3.567,,,,0.225,0.225,,,0.225,-4.414,,,10.6039,,,46.3559,-9.2468,-9.2468,,-8.2258,-5.105,0.1189,1.0013,1.2148,74.084,-0.6588,-0.7323,-0.607,-0.6588,6.321,-0.0608,-0.0693
49,2009-12-31,14.786,7.822,6.964,2.713,4.312,0.075,15.337,-0.551,0.178,-0.373,0.197,-0.57,,-0.57,,-0.57,-0.908,-0.551,17.542,17.542,-0.04,-0.04,63.439,9.756,8.107,2.541,,84.867,12.093,12.135,9.241,0.935,44.351,129.218,5.978,,2.172,2.172,8.15,0.018,-17.122,0.031,,121.068,129.218,-0.572,-0.357,0.736,0.379,1.769,0.548,0.749,2.555,3.719,3.526,-1.382,,-4.288,-3.925,0.0,-3.925,,-9.595,0.0,,0.0,-0.994,-0.994,0.0,0.0,-0.994,-7.053,0.692,0.0,14.1966,,,47.0986,-3.7265,-3.7265,,-2.5227,-3.855,0.1144,0.9648,1.5156,59.3832,-0.4708,-0.5097,-0.4411,-0.4708,6.5463,0.2013,0.1225
50,2009-09-30,13.709,7.283,6.426,2.673,4.014,,14.523,-0.814,0.375,-0.439,0.316,-0.755,,-0.755,,-0.755,-1.669,-0.814,17.559,17.559,-0.04,-0.04,68.496,11.525,8.407,2.695,,92.271,12.132,9.972,4.366,0.899,37.099,129.37,5.506,,1.692,1.692,7.198,0.018,-16.55,0.151,,122.172,129.37,-0.755,-0.855,2.961,2.106,-1.747,0.907,0.065,-2.598,-0.973,0.378,-0.082,,-2.26,3.22,1.86,5.08,,2.738,0.0,,0.0,-0.71,-0.71,0.0,0.0,-0.71,2.407,2.67,0.0,16.7583,,,46.8743,-5.9377,-5.9377,,-3.2023,-5.5073,0.106,0.8663,1.1895,75.662,-0.618,-0.6409,-0.5836,-0.618,6.548,0.0222,0.0175
51,2009-06-30,13.368,7.31,6.058,2.649,4.457,-0.254,15.563,-2.195,0.201,-1.994,-0.7,-1.294,,-1.294,,-1.294,0.061,-2.195,17.616,17.616,-0.07,-0.07,67.957,9.777,9.314,2.716,,90.912,12.228,11.492,4.919,0.795,39.387,130.299,5.501,,1.597,1.597,7.098,0.019,-15.72,0.322,,123.201,130.299,-1.292,2.256,0.663,2.919,0.189,1.301,0.238,1.625,1.01,2.637,-0.518,,2.26,2.303,-1.86,0.443,,2.185,0.0,,0.0,-0.494,-0.494,0.0,0.0,-0.494,4.298,0.0,0.0,16.5265,,,45.3172,-16.4198,-16.4198,,-14.9162,-9.6798,0.1026,0.7848,1.3673,65.8236,-1.0503,-1.094,-0.9931,-1.0503,6.5669,0.1494,0.1199
52,2009-03-31,14.139,7.468,6.671,2.688,4.616,0.2,16.764,-2.625,0.165,-2.46,-0.596,-1.864,,-1.864,,-1.864,0.78,-2.625,17.545,17.545,-0.11,-0.11,62.901,9.966,10.614,2.955,,87.584,12.476,14.319,5.472,0.929,43.347,130.931,5.569,,1.482,1.482,7.051,0.019,-14.153,0.056,,123.88,130.931,-1.864,3.405,-0.279,3.126,4.4,0.03,-1.476,-1.9,0.087,1.349,0.052,,-2.26,-8.18,,-8.18,,-10.388,,,,0.116,0.116,,,0.116,-8.875,,,15.7271,,,47.1816,-18.5657,-18.5657,,-17.3987,-13.1834,0.108,0.7036,1.4187,63.4373,-1.5047,-1.5742,-1.4237,-1.5047,6.5761,0.0769,0.0799
